2025-01-01 * opening balances  ; clopen:2025
    Assets:FR:BforBank:LivretA                         12,017.78 EUR = 12,017.78 EUR
    Assets:FR:BourseDirect:Cash                            25.42 EUR = 25.42 EUR
    Assets:FR:BourseDirect:PEA:ETF:LQQ          1 LQQ @ 1,037.90 EUR
    Assets:FR:BourseDirect:PEA:ETF:LQQ          1 LQQ @ 1,082.90 EUR = 2 LQQ
    Assets:FR:Epsor:PEI                                54,886.46 EUR = 54,886.46 EUR
    Assets:FR:Epsor:PER                                35,962.29 EUR = 35,962.29 EUR
    Assets:UK:Moneyfarm                                48,795.22 GBP = 48,795.22 GBP
    Equity:Retained-Earnings                          -18,692.64 EUR = -18,692.64 EUR
    Equity:Conversion:EUR-LQQ:EUR                       2,120.80 EUR = 2,120.80 EUR
    Equity:Conversion:EUR-LQQ:LQQ                             -2 LQQ = -2 LQQ
    Equity:UnrealisedCapitalGains:Moneyfarm            -4,753.92 GBP = -4,753.92 GBP
    Equity:UnrealisedCapitalGains:Epsor:PEI            -6,646.10 EUR = -6,646.10 EUR
    Equity:UnrealisedCapitalGains:Epsor:PER            -1,242.42 EUR = -1,242.42 EUR
    Equity:Opening-Balances                           -78,431.59 EUR
    Equity:Opening-Balances                           -44,041.30 GBP
    Equity:Opening-Balances                                    2 LQQ
    Equity:Opening-Balances                    -1 LQQ @ 1,037.90 EUR
    Equity:Opening-Balances                    -1 LQQ @ 1,082.90 EUR

2025-01-01 * 111 Cap wage
    Assets:FR:BforBank:Compte-Courant     4,752.65 EUR
    Income:FR:111Capital:Salary          -4,752.65 EUR

2025-01-01 * AMEX - 2024-12-14 - Sandisk external drive
    Expenses:Shopping:Electronics          145.98 EUR
    Assets:FR:BforBank:Compte-Courant     -145.98 EUR

2025-01-01 * AMEX - 2024-12-17 - Flights Paris - Dakhla
    Expenses:Travel:Flights                   508 EUR
    Assets:FR:BforBank:Compte-Courant        -508 EUR

2025-01-01 * AMEX - 2024-12-20 - AMEX subscription
    Expenses:Finance:CreditCard                15 EUR
    Assets:FR:BforBank:Compte-Courant         -15 EUR

2025-01-01 * AMEX - 2024-12-20 - Hair cosmetics for mum
    Expenses:GiftsCharity:Gifts              33.6 EUR
    Assets:FR:BforBank:Compte-Courant       -33.6 EUR

2025-01-01 * AMEX - 2024-12-25 - Amazon Dryer
    Expenses:Home:Furniture                 59.99 EUR
    Assets:FR:BforBank:Compte-Courant      -59.99 EUR

2025-01-01 * AMEX - 2024-12-28 - Toothpaste
    Expenses:Health:Pharmacy                 25.5 EUR
    Assets:FR:BforBank:Compte-Courant       -25.5 EUR

2025-01-01 * AMEX - 2024-12-29 - Breizh Café
    Expenses:Food:Restaurants               55.02 EUR
    Assets:FR:BforBank:Compte-Courant      -55.02 EUR

2025-01-01 * AMEX - 2024-12-29 - Hair cosmetics for mum
    Expenses:GiftsCharity:Gifts              33.6 EUR
    Assets:FR:BforBank:Compte-Courant       -33.6 EUR

2025-01-01 * AMEX - 2024-12-30 - Bradery NN07
    Expenses:Shopping:Clothes              101.75 EUR
    Assets:FR:BforBank:Compte-Courant     -101.75 EUR

2025-01-01 * AMEX - 2024-12-30 - Franprix groceries
    Expenses:Food:Groceries                  8.05 EUR
    Assets:FR:BforBank:Compte-Courant       -8.05 EUR

2025-01-01 * AMEX - 2024-12-30 - Frog Hop House
    Expenses:Entertainment:Social:Bars          13 EUR
    Assets:FR:BforBank:Compte-Courant          -13 EUR

2025-01-01 * AMEX - 2024-12-31 - Amazon Wool Laundry
    Expenses:Home:Maintenance               13.44 EUR
    Assets:FR:BforBank:Compte-Courant      -13.44 EUR

2025-01-01 * AMEX - 2025-01-04 - Café Gaia
    Expenses:Food:Cafe                          8 EUR
    Assets:FR:BforBank:Compte-Courant          -8 EUR

2025-01-01 * AMEX - 2025-01-05 - R2 Training
    Expenses:Health:Gym                       179 EUR
    Assets:FR:BforBank:Compte-Courant        -179 EUR

2025-01-01 * Café Bistrot
    Expenses:Food:Cafe                        8.2 EUR
    Assets:FR:BforBank:Compte-Courant        -8.2 EUR

2025-01-01 * Cigarettes
    Expenses:Cigarettes                        13 EUR
    Assets:FR:BforBank:Compte-Courant         -13 EUR

2025-01-01 * Kevin calisthenics class
    Expenses:Health:Gym                        40 EUR
    Assets:FR:BforBank:Compte-Courant         -40 EUR

2025-01-01 * Navigo Jan'25
    Expenses:Transportation:PublicTransport        88.8 EUR
    Assets:FR:BforBank:Compte-Courant             -88.8 EUR

2025-01-01 * Savings Livret A
    Assets:FR:BforBank:LivretA                300 EUR
    Assets:FR:BforBank:Compte-Courant        -300 EUR

2025-01-01 * Tea Paris Mosque
    Expenses:Food:Cafe                          4 EUR
    Assets:FR:BforBank:Compte-Courant          -4 EUR

2025-01-02 * Baguette
    Expenses:Food:Groceries                   1.3 EUR
    Assets:FR:BforBank:Compte-Courant        -1.3 EUR

2025-01-02 * Beeminder fine
    Expenses:Subscriptions:Software          4.86 EUR
    Assets:FR:BforBank:Compte-Courant       -4.86 EUR

2025-01-02 * Café Nuances
    Expenses:Food:Cafe                        4.5 EUR
    Assets:FR:BforBank:Compte-Courant        -4.5 EUR

2025-01-02 * Pain au chocolat
    Expenses:Food:Snack                       1.6 EUR
    Assets:FR:BforBank:Compte-Courant        -1.6 EUR

2025-01-02 * Rent Citeaux
    Expenses:Home:Rent                     1,330. EUR
    Assets:FR:BforBank:Compte-Courant     -1,330. EUR

2025-01-02 * Sweater drying rack + clothes covers
    Expenses:Home:Furniture                 31.98 EUR
    Assets:FR:BforBank:Compte-Courant      -31.98 EUR

2025-01-03 * Café
    Expenses:Food:Cafe                        1.5 EUR
    Assets:FR:BforBank:Compte-Courant        -1.5 EUR

2025-01-03 * ChatGPT credits
    Expenses:Subscriptions:Software          5.86 EUR
    Assets:FR:BforBank:Compte-Courant       -5.86 EUR

2025-01-03 * Cigarettes
    Expenses:Cigarettes                        13 EUR
    Assets:FR:BforBank:Compte-Courant         -13 EUR

2025-01-03 * Drinks with Aurélie
    Expenses:Entertainment:Social:Bars          10 EUR
    Assets:FR:BforBank:Compte-Courant          -10 EUR

2025-01-03 * Fisherman's Friend
    Expenses:Food:Snack                         2 EUR
    Assets:FR:BforBank:Compte-Courant          -2 EUR

2025-01-03 * MacroFactor subscription
    Expenses:Subscriptions:Software         13.99 EUR
    Assets:FR:BforBank:Compte-Courant      -13.99 EUR

2025-01-03 * Matches
    Expenses:Misc                             0.3 EUR
    Assets:FR:BforBank:Compte-Courant        -0.3 EUR

2025-01-04 * Beeminder fine
    Expenses:Subscriptions:Software          4.92 EUR
    Assets:FR:BforBank:Compte-Courant       -4.92 EUR

2025-01-04 * Café Vincennes with Aurélie
    Expenses:Food:Cafe                          6 EUR
    Assets:FR:BforBank:Compte-Courant          -6 EUR

2025-01-04 * Cigarettes
    Expenses:Cigarettes                        13 EUR
    Assets:FR:BforBank:Compte-Courant         -13 EUR

2025-01-04 * Galette with Arnaud
    Expenses:GiftsCharity:Gifts                33 EUR
    Assets:FR:BforBank:Compte-Courant         -33 EUR

2025-01-04 * Hairdresser
    Expenses:PersonalCare:Hair                 12 EUR
    Assets:FR:BforBank:Compte-Courant         -12 EUR

2025-01-04 * Pharmacy
    Expenses:Health:Pharmacy                 8.99 EUR
    Assets:FR:BforBank:Compte-Courant       -8.99 EUR

2025-01-05 * Beeminder fine
    Expenses:Subscriptions:Software          4.92 EUR
    Assets:FR:BforBank:Compte-Courant       -4.92 EUR

2025-01-05 * Cigarettes
    Expenses:Cigarettes                        13 EUR
    Assets:FR:BforBank:Compte-Courant         -13 EUR

2025-01-05 * McDonald's
    Expenses:Food:FastFood                     16 EUR
    Assets:FR:BforBank:Compte-Courant         -16 EUR

2025-01-05 * Medias IR
    Expenses:Subscriptions                  11.99 EUR
    Assets:FR:BforBank:Compte-Courant      -11.99 EUR

2025-01-05 * Plug extender
    Expenses:Home                            3.59 EUR
    Assets:FR:BforBank:Compte-Courant       -3.59 EUR

2025-01-05 * Sweets
    Expenses:Food:Snack                       1.5 EUR
    Assets:FR:BforBank:Compte-Courant        -1.5 EUR

2025-01-06 * Baguette
    Expenses:Food:Groceries                   1.1 EUR
    Assets:FR:BforBank:Compte-Courant        -1.1 EUR

2025-01-06 * Café Nuances
    Expenses:Food:Cafe                        4.5 EUR
    Assets:FR:BforBank:Compte-Courant        -4.5 EUR

2025-01-06 * Cigarettes
    Expenses:Cigarettes                        13 EUR
    Assets:FR:BforBank:Compte-Courant         -13 EUR

2025-01-06 * Pain au chocolat
    Expenses:Food:Snack                         3 EUR
    Assets:FR:BforBank:Compte-Courant          -3 EUR

2025-01-07 * Franprix groceries
    Expenses:Food:Groceries                 14.74 EUR
    Assets:FR:BforBank:Compte-Courant      -14.74 EUR

2025-01-08 * Beeminder fine
    Expenses:Subscriptions:Software          9.72 EUR
    Assets:FR:BforBank:Compte-Courant       -9.72 EUR

2025-01-08 * Cigarettes
    Expenses:Cigarettes                        13 EUR
    Assets:FR:BforBank:Compte-Courant         -13 EUR

2025-01-08 * Ibuprofen
    Expenses:Health:Pharmacy                    5 EUR
    Assets:FR:BforBank:Compte-Courant          -5 EUR

2025-01-08 * MS personal care
    Expenses:PersonalCare:Discretionary         200 EUR
    Assets:FR:BforBank:Compte-Courant          -200 EUR

2025-01-09 * Vinted sales
    Assets:FR:BforBank:Compte-Courant          85 EUR
    Income:Resale:Vinted                      -85 EUR

2025-01-09 * Baguette
    Expenses:Food:Groceries                  1.25 EUR
    Assets:FR:BforBank:Compte-Courant       -1.25 EUR

2025-01-09 * Carrefour City groceries
    Expenses:Food:Groceries                  2.11 EUR
    Assets:FR:BforBank:Compte-Courant       -2.11 EUR

2025-01-09 * Cigarettes
    Expenses:Cigarettes                        13 EUR
    Assets:FR:BforBank:Compte-Courant         -13 EUR

2025-01-09 * Pain au chocolat
    Expenses:Food:Snack                       1.3 EUR
    Assets:FR:BforBank:Compte-Courant        -1.3 EUR

2025-01-09 * Sunscreen
    Expenses:Travel:Holidays                 14.5 EUR
    Assets:FR:BforBank:Compte-Courant       -14.5 EUR

2025-01-11 * Transavia checked bagage supplement
    Expenses:Travel:Flights                     3 EUR
    Assets:FR:BforBank:Compte-Courant          -3 EUR

2025-01-13 * Cash withdrawal Dakhla
    Expenses:Travel:Holidays                412.3 EUR
    Assets:FR:BforBank:Compte-Courant      -412.3 EUR

2025-01-14 * Velib monthly fees
    Expenses:Transportation:Bikesharing           4 EUR
    Assets:FR:BforBank:Compte-Courant            -4 EUR

2025-01-15 * Lebara phone plan
    Expenses:Home:Utilities:MobilePhone        5.96 EUR
    Assets:FR:BforBank:Compte-Courant         -5.96 EUR

2025-01-16 * Beeminder fine
    Expenses:Subscriptions:Software          4.88 EUR
    Assets:FR:BforBank:Compte-Courant       -4.88 EUR

2025-01-18 * Café + Pain au chocolat
    Expenses:Food:Snack                       3.3 EUR
    Assets:FR:BforBank:Compte-Courant        -3.3 EUR

2025-01-18 * Cigarettes
    Expenses:Cigarettes                        13 EUR
    Assets:FR:BforBank:Compte-Courant         -13 EUR

2025-01-18 * Therapist
    Expenses:Health:Therapy                    60 EUR
    Assets:FR:BforBank:Compte-Courant         -60 EUR

2025-01-19 * Balance settlement Dakhla expenses Aurélie
    Expenses:Travel:Holidays                  100 EUR
    Assets:FR:BforBank:Compte-Courant        -100 EUR

2025-01-20 * Cigarettes
    Expenses:Cigarettes                        13 EUR
    Assets:FR:BforBank:Compte-Courant         -13 EUR

2025-01-20 * EDF subscription
    Expenses:Home:Utilities:Electricity       75.19 EUR
    Assets:FR:BforBank:Compte-Courant        -75.19 EUR

2025-01-20 * HelloFresh
    Expenses:Food:Groceries                 48.94 EUR
    Assets:FR:BforBank:Compte-Courant      -48.94 EUR

2025-01-20 * Restaurant Villa Dakhla
    Expenses:Travel:Holidays                51.53 EUR
    Assets:FR:BforBank:Compte-Courant      -51.53 EUR

2025-01-20 * Vinted boost
    Expenses:Resale                          4.33 EUR
    Assets:FR:BforBank:Compte-Courant       -4.33 EUR

2025-01-20 * Wingfoil lessons Dakhla
    Expenses:Travel:Holidays               245.87 EUR
    Assets:FR:BforBank:Compte-Courant     -245.87 EUR

2025-01-22 * Baguette
    Expenses:Food:Groceries                   1.2 EUR
    Assets:FR:BforBank:Compte-Courant        -1.2 EUR

2025-01-22 * Carrefour City groceries
    Expenses:Food:Groceries                 17.45 EUR
    Assets:FR:BforBank:Compte-Courant      -17.45 EUR

2025-01-22 * Cigarettes
    Expenses:Cigarettes                        13 EUR
    Assets:FR:BforBank:Compte-Courant         -13 EUR

2025-01-24 * Relay Gare de Lyon bonbons eau
    Expenses:Food:Snack                       5.2 EUR
    Assets:FR:BforBank:Compte-Courant        -5.2 EUR

2025-01-25 * Bar babyfoot Val d'Isère
    Expenses:Entertainment:Social:Bars        17.6 EUR
    Assets:FR:BforBank:Compte-Courant        -17.6 EUR

2025-01-25 * Beer Val d'Isère Folie Douce
    Expenses:Entertainment:Social:Bars           8 EUR
    Assets:FR:BforBank:Compte-Courant           -8 EUR

2025-01-25 * Cigarettes
    Expenses:Cigarettes                        13 EUR
    Assets:FR:BforBank:Compte-Courant         -13 EUR

2025-01-26 * Boulangerie Val d'Isère sandwich
    Expenses:Food:Snack                      15.7 EUR
    Assets:FR:BforBank:Compte-Courant       -15.7 EUR

2025-01-26 * Cigarettes
    Expenses:Cigarettes                        13 EUR
    Assets:FR:BforBank:Compte-Courant         -13 EUR

2025-01-26 * Crêpe + Café Val d'Isère
    Expenses:Food:Snack                       8.2 EUR
    Assets:FR:BforBank:Compte-Courant        -8.2 EUR

2025-01-26 * Relay Bourg St Maurice bonbons eau
    Expenses:Food:Snack                       5.4 EUR
    Assets:FR:BforBank:Compte-Courant        -5.4 EUR

2025-01-27 * Baguette
    Expenses:Food:Groceries                   1.2 EUR
    Assets:FR:BforBank:Compte-Courant        -1.2 EUR

2025-01-27 * Beeminder fine
    Expenses:Subscriptions:Software          4.81 EUR
    Assets:FR:BforBank:Compte-Courant       -4.81 EUR

2025-01-27 * Cigarettes
    Expenses:Cigarettes                        13 EUR
    Assets:FR:BforBank:Compte-Courant         -13 EUR

2025-01-27 * HelloFresh
    Expenses:Food:Groceries                 48.94 EUR
    Assets:FR:BforBank:Compte-Courant      -48.94 EUR

2025-01-27 * Red by SFR
    Expenses:Home:Utilities:MobilePhone       19.17 EUR
    Assets:FR:BforBank:Compte-Courant        -19.17 EUR

2025-01-29 * Beeminder fine
    Expenses:Subscriptions:Software          9.64 EUR
    Assets:FR:BforBank:Compte-Courant       -9.64 EUR

2025-01-29 * Cigarettes
    Expenses:Cigarettes                        13 EUR
    Assets:FR:BforBank:Compte-Courant         -13 EUR

2025-01-29 * Pain au chocolat
    Expenses:Food:Snack                       1.5 EUR
    Assets:FR:BforBank:Compte-Courant        -1.5 EUR

2025-01-30 * Cigarettes
    Expenses:Cigarettes                        13 EUR
    Assets:FR:BforBank:Compte-Courant         -13 EUR

2025-01-31 * Drinks Barracuda with Aurélie
    Expenses:Entertainment:Social:Bars          10 EUR
    Assets:FR:BforBank:Compte-Courant          -10 EUR

2025-01-31 * Extra savings from monthly balance
    Assets:FR:BforBank:LivretA              16.81 EUR
    Assets:FR:BforBank:Compte-Courant      -16.81 EUR

2025-01-31 * Unaccounted expenses
    Expenses:Misc:Unaccounted               23.58 EUR
    Assets:FR:BforBank:Compte-Courant      -23.58 EUR

2025-02-01 * 111 Cap wage
    Assets:FR:BforBank:Compte-Courant     5,013.33 EUR
    Income:FR:111Capital:Salary          -5,013.33 EUR

2025-02-01 * AMEX - 2024-01-07 - Amazon Homeasy
    Expenses:Home                           43.22 EUR
    Assets:FR:BforBank:Compte-Courant      -43.22 EUR

2025-02-01 * AMEX - 2025-01-10 - Transavia checked luggage
    Expenses:Travel:Flights                    60 EUR
    Assets:FR:BforBank:Compte-Courant         -60 EUR

2025-02-01 * AMEX - 2025-01-17 - Deliveroo Chez Antoine
    Expenses:Food:Delivery                  30.29 EUR
    Assets:FR:BforBank:Compte-Courant      -30.29 EUR

2025-02-01 * AMEX - 2025-01-18 - Café Gaia
    Expenses:Food:Cafe                          8 EUR
    Assets:FR:BforBank:Compte-Courant          -8 EUR

2025-02-01 * AMEX - 2025-01-19 - PRP
    Expenses:PersonalCare:Hair                200 EUR
    Assets:FR:BforBank:Compte-Courant        -200 EUR

2025-02-01 * AMEX - 2025-01-20 - AMEX subscription
    Expenses:Finance:CreditCard                15 EUR
    Assets:FR:BforBank:Compte-Courant         -15 EUR

2025-02-01 * AMEX - 2025-01-21 - Padel with Florent & Henri
    Expenses:Entertainment:Social:Sports          70 EUR
    Assets:FR:BforBank:Compte-Courant            -70 EUR

2025-02-01 * AMEX - 2025-01-26 - Intersport Ski
    Expenses:Shopping:Sport                  64.5 EUR
    Assets:FR:BforBank:Compte-Courant       -64.5 EUR

2025-02-01 * AMEX - 2025-01-29 - dishwasher + moth traps
    Expenses:Home:Maintenance               29.98 EUR
    Assets:FR:BforBank:Compte-Courant      -29.98 EUR

2025-02-01 * AMEX - 2025-01-30 - restaurant with Flo Nous 4
    Expenses:Food:Restaurants                 100 EUR
    Assets:FR:BforBank:Compte-Courant        -100 EUR

2025-02-01 * AMEX - 2025-02-05 - R2 Training
    Expenses:Health:Gym                       179 EUR
    Assets:FR:BforBank:Compte-Courant        -179 EUR

2025-02-01 * Beeminder fine
    Expenses:Subscriptions:Software           9.8 EUR
    Assets:FR:BforBank:Compte-Courant        -9.8 EUR

2025-02-01 * Café + Pain au chocolat
    Expenses:Food:Snack                       2.6 EUR
    Assets:FR:BforBank:Compte-Courant        -2.6 EUR

2025-02-01 * Charity homeless man
    Expenses:GiftsCharity:Charity             0.5 EUR
    Assets:FR:BforBank:Compte-Courant        -0.5 EUR

2025-02-01 * Cigarettes
    Expenses:Cigarettes                        13 EUR
    Assets:FR:BforBank:Compte-Courant         -13 EUR

2025-02-01 * Navigo Feb'25
    Expenses:Transportation:PublicTransport        88.8 EUR
    Assets:FR:BforBank:Compte-Courant             -88.8 EUR

2025-02-01 * Therapist
    Expenses:Health:Therapy                    60 EUR
    Assets:FR:BforBank:Compte-Courant         -60 EUR

2025-02-02 * Café Gaia Vincennes with Aurélie
    Expenses:Food:Cafe                          8 EUR
    Assets:FR:BforBank:Compte-Courant          -8 EUR

2025-02-02 * Cigarettes
    Expenses:Cigarettes                        13 EUR
    Assets:FR:BforBank:Compte-Courant         -13 EUR

2025-02-02 * Drinks with Arnaud
    Expenses:Entertainment:Social:Bars           8 EUR
    Assets:FR:BforBank:Compte-Courant           -8 EUR

2025-02-02 * Opthalmologist 15/20
    Expenses:Health:Doctor                   20.2 EUR
    Assets:FR:BforBank:Compte-Courant       -20.2 EUR

2025-02-02 * Opthalmologist 15/20
    Expenses:Health:Doctor                  -20.2 EUR
    Assets:FR:BforBank:Compte-Courant        20.2 EUR

2025-02-02 * Restaurant with Arnaud
    Expenses:Food:Restaurants                  38 EUR
    Assets:FR:BforBank:Compte-Courant         -38 EUR

2025-02-03 * Carrefour City groceries
    Expenses:Food:Groceries                  7.14 EUR
    Assets:FR:BforBank:Compte-Courant       -7.14 EUR

2025-02-04 * Cigarettes
    Expenses:Cigarettes                        13 EUR
    Assets:FR:BforBank:Compte-Courant         -13 EUR

2025-02-04 * Fisherman's Friend
    Expenses:Food:Snack                       2.7 EUR
    Assets:FR:BforBank:Compte-Courant        -2.7 EUR

2025-02-05 * Café Nuances
    Expenses:Food:Cafe                        4.5 EUR
    Assets:FR:BforBank:Compte-Courant        -4.5 EUR

2025-02-05 * MacroFactor subscription
    Expenses:Subscriptions:Software         13.99 EUR
    Assets:FR:BforBank:Compte-Courant      -13.99 EUR

2025-02-05 * Rent Citeaux
    Expenses:Home:Rent                     1,330. EUR
    Assets:FR:BforBank:Compte-Courant     -1,330. EUR

2025-02-05 * Savings Livret A
    Assets:FR:BforBank:LivretA                900 EUR
    Assets:FR:BforBank:Compte-Courant        -900 EUR

2025-02-06 * Cigarettes
    Expenses:Cigarettes                        13 EUR
    Assets:FR:BforBank:Compte-Courant         -13 EUR

2025-02-07 * Bottled Beers with Aurélie
    Expenses:Food:Groceries                   6.1 EUR
    Assets:FR:BforBank:Compte-Courant        -6.1 EUR

2025-02-07 * Cat litter for Aurélie
    Expenses:Home:Maintenance                 7.3 EUR
    Assets:FR:BforBank:Compte-Courant        -7.3 EUR

2025-02-07 * Cigarettes
    Expenses:Cigarettes                        13 EUR
    Assets:FR:BforBank:Compte-Courant         -13 EUR

2025-02-07 * Opthalmologist Opera
    Expenses:Health:Doctor                    100 EUR
    Assets:FR:BforBank:Compte-Courant        -100 EUR

2025-02-08 * Beeminder fine
    Expenses:Subscriptions:Software          4.91 EUR
    Assets:FR:BforBank:Compte-Courant       -4.91 EUR

2025-02-08 * Café + Pain au chocolat
    Expenses:Food:Snack                       3.3 EUR
    Assets:FR:BforBank:Compte-Courant        -3.3 EUR

2025-02-08 * Cigarettes
    Expenses:Cigarettes                        13 EUR
    Assets:FR:BforBank:Compte-Courant         -13 EUR

2025-02-08 * Hairdresser
    Expenses:PersonalCare:Hair                 12 EUR
    Assets:FR:BforBank:Compte-Courant         -12 EUR

2025-02-08 * Hydrating cream La Rosée for Aurélie
    Expenses:GiftsCharity:Gifts              17.9 EUR
    Assets:FR:BforBank:Compte-Courant       -17.9 EUR

2025-02-08 * Monoprix groceries
    Expenses:Food:Groceries                  7.19 EUR
    Assets:FR:BforBank:Compte-Courant       -7.19 EUR

2025-02-08 * Monoprix groceries
    Expenses:Food:Groceries                  2.68 EUR
    Assets:FR:BforBank:Compte-Courant       -2.68 EUR

2025-02-08 * Therapist
    Expenses:Health:Therapy                    60 EUR
    Assets:FR:BforBank:Compte-Courant         -60 EUR

2025-02-08 * Venus razors for Aurélie
    Expenses:GiftsCharity:Gifts              11.5 EUR
    Assets:FR:BforBank:Compte-Courant       -11.5 EUR

2025-02-09 * Cigarettes
    Expenses:Cigarettes                        13 EUR
    Assets:FR:BforBank:Compte-Courant         -13 EUR

2025-02-09 * Franprix groceries
    Expenses:Food:Groceries                 12.85 EUR
    Assets:FR:BforBank:Compte-Courant      -12.85 EUR

2025-02-09 * Wifi router for heater
    Expenses:Home:Maintenance       85.55 EUR
    Liabilities:FR:Amex:Gold       -85.55 EUR

2025-02-10 * Anker charger
    Expenses:Shopping:Electronics           12.59 EUR
    Assets:FR:BforBank:Compte-Courant      -12.59 EUR

2025-02-10 * Baguette
    Expenses:Food:Groceries                   1.3 EUR
    Assets:FR:BforBank:Compte-Courant        -1.3 EUR

2025-02-10 * Beeminder fine
    Expenses:Subscriptions:Software          4.87 EUR
    Assets:FR:BforBank:Compte-Courant       -4.87 EUR

2025-02-10 * Cigarettes
    Expenses:Cigarettes                        13 EUR
    Assets:FR:BforBank:Compte-Courant         -13 EUR

2025-02-10 * HelloFresh
    Expenses:Food:Groceries                 48.94 EUR
    Assets:FR:BforBank:Compte-Courant      -48.94 EUR

2025-02-10 * Monoprix groceries
    Expenses:Food:Groceries                  7.86 EUR
    Assets:FR:BforBank:Compte-Courant       -7.86 EUR

2025-02-10 * Heater
    Expenses:Home:Maintenance      503.90 EUR
    Liabilities:FR:Amex:Gold      -503.90 EUR

2025-02-10 * Heater to be paid by Isky
    Assets:Receivables:Iskander      589.45 EUR
    Expenses:Home:Maintenance       -589.45 EUR

2025-02-11 * Opthalmologist Opera Alan Refund
    Expenses:Health:Doctor                 -72.37 EUR
    Assets:FR:BforBank:Compte-Courant       72.37 EUR

2025-02-11 * Toothpaste press
    Expenses:Home                           21.97 EUR
    Assets:FR:BforBank:Compte-Courant      -21.97 EUR

2025-02-12 * Café Nuances with Symeon
    Expenses:Food:Cafe                          9 EUR
    Assets:FR:BforBank:Compte-Courant          -9 EUR

2025-02-12 * Carrefour City groceries
    Expenses:Food:Groceries                 11.44 EUR
    Assets:FR:BforBank:Compte-Courant      -11.44 EUR

2025-02-12 * Cigarettes
    Expenses:Cigarettes                        13 EUR
    Assets:FR:BforBank:Compte-Courant         -13 EUR

2025-02-13 * Beers Salle Pleyel
    Expenses:Entertainment:Social:Bars          13 EUR
    Assets:FR:BforBank:Compte-Courant          -13 EUR

2025-02-13 * Cigarettes
    Expenses:Cigarettes                        13 EUR
    Assets:FR:BforBank:Compte-Courant         -13 EUR

2025-02-13 * Cloakroom Salle Pleyel
    Expenses:Entertainment:Events:Concerts           3 EUR
    Assets:FR:BforBank:Compte-Courant               -3 EUR

2025-02-14 * Bouquet Saint-Valentin
    Expenses:GiftsCharity:Gifts              73.4 EUR
    Assets:FR:BforBank:Compte-Courant       -73.4 EUR

2025-02-14 * Boursobank fees
    Expenses:Finance:Bank                       9 EUR
    Assets:FR:BforBank:Compte-Courant          -9 EUR

2025-02-14 * Lebara phone plan
    Expenses:Home:Utilities:MobilePhone        6.04 EUR
    Assets:FR:BforBank:Compte-Courant         -6.04 EUR

2025-02-14 * Pain au chocolat
    Expenses:Food:Snack                       1.3 EUR
    Assets:FR:BforBank:Compte-Courant        -1.3 EUR

2025-02-15 * Boulangerie Vincennes lunch
    Expenses:Food:Snack                         9 EUR
    Assets:FR:BforBank:Compte-Courant          -9 EUR

2025-02-15 * Café + Pain au chocolat
    Expenses:Food:Snack                       3.3 EUR
    Assets:FR:BforBank:Compte-Courant        -3.3 EUR

2025-02-15 * Carrefour City groceries
    Expenses:Food:Groceries                  3.96 EUR
    Assets:FR:BforBank:Compte-Courant       -3.96 EUR

2025-02-15 * Cigarettes
    Expenses:Cigarettes                        13 EUR
    Assets:FR:BforBank:Compte-Courant         -13 EUR

2025-02-15 * Gift concierge
    Expenses:GiftsCharity:Gifts                50 EUR
    Assets:FR:BforBank:Compte-Courant         -50 EUR

2025-02-15 * Therapist
    Expenses:Health:Therapy                    60 EUR
    Assets:FR:BforBank:Compte-Courant         -60 EUR

2025-02-15 * Zebra pencil
    Expenses:Shopping              16.39 EUR
    Liabilities:FR:Amex:Gold      -16.39 EUR

2025-02-16 * Cigarettes
    Expenses:Cigarettes                        13 EUR
    Assets:FR:BforBank:Compte-Courant         -13 EUR

2025-02-16 * Restaurant Laos with Florent
    Expenses:Food:Restaurants                25.3 EUR
    Assets:FR:BforBank:Compte-Courant       -25.3 EUR

2025-02-17 * Beeminder fine
    Expenses:Subscriptions:Software           4.8 EUR
    Assets:FR:BforBank:Compte-Courant        -4.8 EUR

2025-02-17 * HelloFresh
    Expenses:Food:Groceries                 48.94 EUR
    Assets:FR:BforBank:Compte-Courant      -48.94 EUR

2025-02-18 * Cigarettes
    Expenses:Cigarettes                        13 EUR
    Assets:FR:BforBank:Compte-Courant         -13 EUR

2025-02-18 * Deliveroo McDonald's
    Expenses:Food:Delivery                  16.63 EUR
    Assets:FR:BforBank:Compte-Courant      -16.63 EUR

2025-02-18 * EDF subscription
    Expenses:Home:Utilities:Electricity       75.19 EUR
    Assets:FR:BforBank:Compte-Courant        -75.19 EUR

2025-02-19 * Cigarettes
    Expenses:Cigarettes                        13 EUR
    Assets:FR:BforBank:Compte-Courant         -13 EUR

2025-02-19 * Drinks with Arnaud
    Expenses:Entertainment:Social:Bars          29 EUR
    Assets:FR:BforBank:Compte-Courant          -29 EUR

2025-02-19 * Drinks with Aurélie
    Expenses:Entertainment:Social:Bars          14 EUR
    Assets:FR:BforBank:Compte-Courant          -14 EUR

2025-02-19 * Fisherman's Friend
    Expenses:Food:Snack                         2 EUR
    Assets:FR:BforBank:Compte-Courant          -2 EUR

2025-02-19 * Tickets T+
    Expenses:Transportation:PublicTransport           4 EUR
    Assets:FR:BforBank:Compte-Courant                -4 EUR

2025-02-20 * Cigarettes
    Expenses:Cigarettes                        13 EUR
    Assets:FR:BforBank:Compte-Courant         -13 EUR

2025-02-20 * Pain au chocolat
    Expenses:Food:Snack                       1.3 EUR
    Assets:FR:BforBank:Compte-Courant        -1.3 EUR

2025-02-20 * Amex subscription
    Expenses:Finance:CreditCard          15 EUR
    Liabilities:FR:Amex:Gold            -15 EUR

2025-02-20 * Officine Générale trousers
    Expenses:Shopping:Clothes       97.25 EUR
    Liabilities:FR:Amex:Gold       -97.25 EUR

2025-02-21 * Cigarettes
    Expenses:Cigarettes                        13 EUR
    Assets:FR:BforBank:Compte-Courant         -13 EUR

2025-02-21 * MS personal care
    Expenses:PersonalCare:Discretionary         220 EUR
    Assets:FR:BforBank:Compte-Courant          -220 EUR

2025-02-22 * Cigarettes
    Expenses:Cigarettes                        13 EUR
    Assets:FR:BforBank:Compte-Courant         -13 EUR

2025-02-22 * Cinéma Mk2
    Expenses:Entertainment:Events:Cinema        25.8 EUR
    Assets:FR:BforBank:Compte-Courant          -25.8 EUR

2025-02-22 * Hairbrush
    Expenses:PersonalCare:Hair              19.98 EUR
    Assets:FR:BforBank:Compte-Courant      -19.98 EUR

2025-02-22 * Therapist
    Expenses:Health:Therapy                    60 EUR
    Assets:FR:BforBank:Compte-Courant         -60 EUR

2025-02-22 * Water bottle
    Expenses:Food:Groceries                   3.2 EUR
    Assets:FR:BforBank:Compte-Courant        -3.2 EUR

2025-02-23 * Cigarettes
    Expenses:Cigarettes                        13 EUR
    Assets:FR:BforBank:Compte-Courant         -13 EUR

2025-02-23 * McDonald's
    Expenses:Food:FastFood                   17.9 EUR
    Assets:FR:BforBank:Compte-Courant       -17.9 EUR

2025-02-24 * Cigarettes
    Expenses:Cigarettes                        13 EUR
    Assets:FR:BforBank:Compte-Courant         -13 EUR

2025-02-24 * Drinks with Aurélie
    Expenses:Entertainment:Social:Bars           9 EUR
    Assets:FR:BforBank:Compte-Courant           -9 EUR

2025-02-24 * Sports doctor
    Expenses:Health:Doctor                     50 EUR
    Assets:FR:BforBank:Compte-Courant         -50 EUR

2025-02-24 * Stamp for health insurance claim
    Expenses:Misc                            1.39 EUR
    Assets:FR:BforBank:Compte-Courant       -1.39 EUR

2025-02-25 * Charity homeless man
    Expenses:GiftsCharity:Charity               2 EUR
    Assets:FR:BforBank:Compte-Courant          -2 EUR

2025-02-25 * Cigarettes
    Expenses:Cigarettes                        13 EUR
    Assets:FR:BforBank:Compte-Courant         -13 EUR

2025-02-26 * Cigarettes
    Expenses:Cigarettes                        13 EUR
    Assets:FR:BforBank:Compte-Courant         -13 EUR

2025-02-26 * Deliveroo fees
    Expenses:Food:OfficeLunch                2.15 EUR
    Assets:FR:BforBank:Compte-Courant       -2.15 EUR

2025-02-26 * Fisherman's Friend
    Expenses:Food:Snack                       2.2 EUR
    Assets:FR:BforBank:Compte-Courant        -2.2 EUR

2025-02-26 * Red by SFR
    Expenses:Home:Utilities:MobilePhone       17.98 EUR
    Assets:FR:BforBank:Compte-Courant        -17.98 EUR

2025-02-27 * Beeminder fine
    Expenses:Subscriptions:Software         14.55 EUR
    Assets:FR:BforBank:Compte-Courant      -14.55 EUR

2025-02-27 * Durum
    Expenses:Food:FastFood                     19 EUR
    Assets:FR:BforBank:Compte-Courant         -19 EUR

2025-02-28 * Beer Frop Hop House
    Expenses:Entertainment:Social:Bars           7 EUR
    Assets:FR:BforBank:Compte-Courant           -7 EUR

2025-02-28 * Cigarettes
    Expenses:Cigarettes                        13 EUR
    Assets:FR:BforBank:Compte-Courant         -13 EUR

2025-02-28 * Cigarettes
    Expenses:Cigarettes                        13 EUR
    Assets:FR:BforBank:Compte-Courant         -13 EUR

2025-02-28 * Drinks Hoxton with Aurélie
    Expenses:Entertainment:Social:Bars          25 EUR
    Assets:FR:BforBank:Compte-Courant          -25 EUR

2025-02-28 * Drinks Liebe with Aurélie
    Expenses:Entertainment:Social:Bars        10.5 EUR
    Assets:FR:BforBank:Compte-Courant        -10.5 EUR

2025-02-28 * Office lunch - Mr Garden (swile empty)
    Expenses:Food:OfficeLunch                14.9 EUR
    Assets:FR:BforBank:Compte-Courant       -14.9 EUR

2025-02-28 * Savings Livret A
    Assets:FR:BforBank:LivretA                150 EUR
    Assets:FR:BforBank:Compte-Courant        -150 EUR

2025-02-28 * Unaccounted expenses
    Expenses:Misc:Unaccounted               23.27 EUR
    Assets:FR:BforBank:Compte-Courant      -23.27 EUR

2025-03-01 * Opening balances
    Assets:UK:Revolut:Personal:EUR             0.50 EUR
    Assets:FR:BoursoBank:Compte-Courant        8.09 EUR
    Assets:Cash:EUR                            2.30 EUR
    Equity:Opening-Balances                  -10.89 EUR

2025-03-01 * BforBank adjustment
    Expenses:Misc:Unaccounted                7.52 EUR
    Assets:FR:BforBank:Compte-Courant       -7.52 EUR

2025-03-01 * 111 Capital salary
    Assets:FR:BforBank:Compte-Courant     4,746.20 EUR
    Income:FR:111Capital:Salary          -4,746.20 EUR

2025-03-01 * Drinks Ground Control
    Expenses:Entertainment:Social:Bars       15.00 EUR
    Assets:FR:BforBank:Compte-Courant       -15.00 EUR  ; date:2025-03-03

2025-03-01 * Drinks Ground Control consigne
    Assets:Cash:EUR                           1.50 EUR
    Expenses:Entertainment:Social:Bars       -1.50 EUR

2025-03-02 * Cigarettes Civette Radio
    Expenses:Cigarettes                        13 EUR
    Assets:FR:BforBank:Compte-Courant         -13 EUR  ; date:2025-03-03

2025-03-02 * Breizh Cafe after padel
    Expenses:Food:Restaurants                  40 EUR
    Assets:FR:BforBank:Compte-Courant         -40 EUR  ; date:2025-03-03

2025-03-02 * Navigo
    Expenses:Transportation:PublicTransport       88.80 EUR
    Assets:FR:BforBank:Compte-Courant            -88.80 EUR

2025-03-02 * Cafe with Aurélie
    Expenses:Food:Cafe           5 EUR
    Assets:Cash:EUR             -5 EUR

2025-03-02 * Viennoise chocolat
    Expenses:Food:Snack        1.30 EUR
    Assets:Cash:EUR           -1.30 EUR

2025-03-03 * HelloFresh
    Expenses:Food:Groceries                 48.94 EUR
    Assets:FR:BforBank:Compte-Courant      -48.94 EUR

2025-03-03 * Cigarettes
    Expenses:Cigarettes          13 EUR
    Assets:Cash:EUR             -13 EUR

2025-03-04 * Rent Citeaux
    Expenses:Home:Rent                     1,330. EUR
    Assets:FR:BforBank:Compte-Courant     -1,330. EUR

2025-03-04 * Echographie/Infiltration
    Expenses:Health:Doctor                    260 EUR
    Assets:FR:BforBank:Compte-Courant        -260 EUR

2025-03-04 * Cigarettes
    Expenses:Cigarettes                        13 EUR
    Assets:FR:BforBank:Compte-Courant         -13 EUR

2025-03-04 * Beeminder fine
    Expenses:Subscriptions:Software         19.68 EUR
    Assets:FR:BforBank:Compte-Courant      -19.68 EUR

2025-03-04 * Carrefour City Groceries
    Expenses:Food:Groceries                  6.58 EUR
    Assets:FR:BforBank:Compte-Courant       -6.58 EUR  ; date:2025-03-05

2025-03-04 * Cigarettes
    Expenses:Cigarettes          13 EUR
    Assets:Cash:EUR             -13 EUR

2025-03-05 * Cigarettes
    Expenses:Cigarettes                        13 EUR
    Assets:FR:BforBank:Compte-Courant         -13 EUR

2025-03-05 * Revolut transfer
    Assets:UK:Revolut:Personal:EUR            100 EUR
    Assets:FR:BforBank:Compte-Courant        -100 EUR

2025-03-05 * Refund Alan Sports Doctor
    Assets:FR:BforBank:Compte-Courant          29 EUR
    Expenses:Health:Doctor                    -29 EUR

2025-03-05 * Macrofactor subscription
    Expenses:Subscriptions:Software         13.99 EUR
    Assets:FR:BforBank:Compte-Courant      -13.99 EUR

2025-03-05 * Cash withdrawal
    Assets:Cash:EUR                            20 EUR
    Assets:FR:BforBank:Compte-Courant         -20 EUR

2025-03-05 * Gift Alexandre leaving drinks
    Expenses:GiftsCharity:Gifts                70 EUR
    Assets:FR:BforBank:Compte-Courant         -70 EUR  ; date:2025-03-06

2025-03-05 * Cafe Nuances and pain au chocolat
    Expenses:Food:Cafe                       7.50 EUR
    Assets:FR:BforBank:Compte-Courant       -7.50 EUR  ; date:2025-03-06

2025-03-05 * R2 Training
    Expenses:Health:Gym              179 EUR
    Liabilities:FR:Amex:Gold        -179 EUR

2025-03-06 * Cash withdrawal
    Assets:Cash:EUR                            20 EUR
    Assets:FR:BforBank:Compte-Courant         -20 EUR

2025-03-06 * Drinks with Aurelie Le Bidule
    Expenses:Entertainment:Social:Bars       13.50 EUR
    Assets:FR:BforBank:Compte-Courant       -13.50 EUR

2025-03-06 * Cigarettes
    Expenses:Cigarettes          13 EUR
    Assets:Cash:EUR             -13 EUR

2025-03-06 * Beeminder fine
    Expenses:Subscriptions:Software        4.66 EUR
    Assets:UK:Revolut:Personal:EUR        -4.66 EUR

2025-03-06 * Beeminder fine
    Expenses:Subscriptions:Software        4.64 EUR
    Assets:UK:Revolut:Personal:EUR        -4.64 EUR

2025-03-07 * Deliveroo Popellini
    Expenses:GiftsCharity:Gifts             39.49 EUR
    Assets:FR:BforBank:Compte-Courant      -39.49 EUR  ; date:2025-03-10

2025-03-07 * Deliveroo McDonald's
    Expenses:Food:Delivery                  18.70 EUR
    Assets:FR:BforBank:Compte-Courant      -18.70 EUR  ; date:2025-03-10

2025-03-07 * Cash withdrawal
    Assets:Cash:EUR                            20 EUR
    Assets:FR:BforBank:Compte-Courant         -20 EUR  ; date:2025-03-10

2025-03-07 * Cigarettes
    Expenses:Cigarettes                        13 EUR
    Assets:FR:BforBank:Compte-Courant         -13 EUR  ; date:2025-03-10

2025-03-07 * Amazon USB-Cable Lightning
    Expenses:Shopping:Electronics           13.99 EUR
    Assets:FR:BforBank:Compte-Courant      -13.99 EUR  ; date:2025-03-10

2025-03-08 * Cafe Gare du Nord Pierre Herme
    Expenses:Food:Cafe                          7 EUR
    Assets:FR:BforBank:Compte-Courant          -7 EUR  ; date:2025-03-10

2025-03-08 * Crepe Le Touquet
    Expenses:Food:Snack        4.50 EUR
    Assets:Cash:EUR           -4.50 EUR

2025-03-09 * Cigarettes
    Expenses:Cigarettes                        13 EUR
    Assets:FR:BforBank:Compte-Courant         -13 EUR  ; date:2025-03-10

2025-03-09 * Water bottle
    Expenses:Food:Groceries        1.20 EUR
    Assets:Cash:EUR               -1.20 EUR

2025-03-09 * SNCF
    Expenses:Travel:Train            216 EUR
    Liabilities:FR:Amex:Gold        -216 EUR

2025-03-10 * Luko Home Insurance
    Expenses:Insurance:Home                180.39 EUR
    Assets:FR:BforBank:Compte-Courant     -180.39 EUR

2025-03-10 * HelloFresh
    Expenses:Food:Groceries                 48.94 EUR
    Assets:FR:BforBank:Compte-Courant      -48.94 EUR

2025-03-10 * Cigarettes
    Expenses:Cigarettes                     13 EUR
    Assets:UK:Revolut:Personal:EUR         -13 EUR

2025-03-11 * Refund Alan Echographie
    Assets:FR:BforBank:Compte-Courant       65.91 EUR
    Expenses:Health:Doctor                 -65.91 EUR

2025-03-11 * Refund Alan Echographie
    Assets:FR:BforBank:Compte-Courant        1.44 EUR
    Expenses:Health:Doctor                  -1.44 EUR

2025-03-11 * Refund Alan Echographie
    Assets:FR:BforBank:Compte-Courant       83.54 EUR
    Expenses:Health:Doctor                 -83.54 EUR

2025-03-11 * Google One Subscription
    Expenses:Subscriptions:Software         19.99 EUR
    Assets:FR:BforBank:Compte-Courant      -19.99 EUR

2025-03-11 * Amex clearing
    Liabilities:FR:Amex:Gold               897.09 EUR
    Assets:FR:BforBank:Compte-Courant     -897.09 EUR

2025-03-12 * Deliveroo fees
    Expenses:Food:Delivery                     1.60 EUR
    Assets:FR:BoursoBank:Compte-Courant       -1.60 EUR

2025-03-12 * Refund CPAM Echographie
    Assets:FR:BforBank:Compte-Courant       97.02 EUR
    Expenses:Health:Doctor                 -97.02 EUR

2025-03-12 * Revolut transfer
    Assets:UK:Revolut:Personal:EUR            400 EUR
    Assets:FR:BforBank:Compte-Courant        -400 EUR  ; date:2025-03-13

2025-03-12 * Cigarettes
    Expenses:Cigarettes                     13 EUR
    Assets:UK:Revolut:Personal:EUR         -13 EUR

2025-03-13 * Drinks with Aurelie Barracuda
    Expenses:Entertainment:Social:Bars          18 EUR
    Assets:FR:BforBank:Compte-Courant          -18 EUR  ; date:2025-03-17

2025-03-13 * Cafe nuances and croissant
    Expenses:Food:Cafe                    6.48 EUR
    Assets:UK:Revolut:Personal:EUR       -6.48 EUR

2025-03-13 * Cigarettes
    Expenses:Cigarettes                     13 EUR
    Assets:UK:Revolut:Personal:EUR         -13 EUR

2025-03-14 * Cigarettes
    Expenses:Cigarettes                     13 EUR
    Assets:UK:Revolut:Personal:EUR         -13 EUR

2025-03-14 * Fisherman's friend
    Expenses:Food:Snack                   2.70 EUR
    Assets:UK:Revolut:Personal:EUR       -2.70 EUR

2025-03-15 * Cash withdrawal
    Assets:Cash:EUR                           180 EUR
    Assets:FR:BforBank:Compte-Courant        -180 EUR

2025-03-15 * Cash withdrawal
    Assets:Cash:EUR                            20 EUR
    Assets:FR:BforBank:Compte-Courant         -20 EUR

2025-03-15 * Cash withdrawal
    Assets:Cash:EUR                            20 EUR
    Assets:FR:BforBank:Compte-Courant         -20 EUR

2025-03-15 * Therapist
    Expenses:Health:Therapy         180 EUR
    Assets:Cash:EUR                -180 EUR

2025-03-15 * Cigarettes
    Expenses:Cigarettes          13 EUR
    Assets:Cash:EUR             -13 EUR

2025-03-15 * Hairdresser
    Expenses:PersonalCare:Hair          12 EUR
    Assets:Cash:EUR                    -12 EUR

2025-03-15 * Trousers tailoring
    Expenses:PersonalCare:Tailoring          10 EUR
    Assets:Cash:EUR                         -10 EUR

2025-03-15 * Café et pain au chocolat
    Expenses:Food:Snack                   3.20 EUR
    Assets:UK:Revolut:Personal:EUR       -3.20 EUR

2025-03-15 * Notino cosmetics gift for mum
    Expenses:GiftsCharity:Gifts          20.09 EUR
    Assets:UK:Revolut:Personal:EUR      -20.09 EUR

2025-03-15 * Dishwasher salt
    Expenses:Home:Maintenance             1.30 EUR
    Assets:UK:Revolut:Personal:EUR       -1.30 EUR

2025-03-15 * Kinder
    Expenses:Food:Snack                   1.50 EUR
    Assets:UK:Revolut:Personal:EUR       -1.50 EUR

2025-03-15 * Cinema The Insider
    Expenses:Entertainment:Events:Cinema       25.80 EUR
    Assets:UK:Revolut:Personal:EUR            -25.80 EUR

2025-03-15 * Deliveroo Gourou
    Expenses:Food:Delivery               34.49 EUR
    Assets:UK:Revolut:Personal:EUR      -34.49 EUR

2025-03-16 * Crepe Nutella Jardin des plantes
    Expenses:Food:Snack        3.50 EUR
    Assets:Cash:EUR           -3.50 EUR

2025-03-16 * Cigarettes
    Expenses:Cigarettes          13 EUR
    Assets:Cash:EUR             -13 EUR

2025-03-16 * Beeminder fine
    Expenses:Subscriptions:Software        4.66 EUR
    Assets:UK:Revolut:Personal:EUR        -4.66 EUR

2025-03-16 * Beeminder fine
    Expenses:Subscriptions:Software        4.66 EUR
    Assets:UK:Revolut:Personal:EUR        -4.66 EUR

2025-03-16 * Lebara
    Expenses:Home:Utilities:MobilePhone        6.03 EUR
    Assets:UK:Revolut:Personal:EUR            -6.03 EUR

2025-03-16 * Euromillions
    Expenses:Entertainment                  10 EUR
    Assets:UK:Revolut:Personal:EUR         -10 EUR

2025-03-16 * AMEX - Les Petites Maisons Hotel Alpilles
    Expenses:Travel:Holidays:Accommodation         252 EUR
    Liabilities:FR:Amex:Gold                      -252 EUR
    Assets:Receivables:Aurelie                     126 EUR
    Expenses:Travel:Holidays:Accommodation        -126 EUR

2025-03-17 * Beeminder fine
    Expenses:Subscriptions:Software        4.62 EUR
    Assets:UK:Revolut:Personal:EUR        -4.62 EUR

2025-03-17 * Dott bike from Nation
    Expenses:Transportation:Bikesharing        2.78 EUR
    Liabilities:FR:Amex:Gold                  -2.78 EUR

2025-03-18 * Deliveroo fees Bagnard
    Expenses:Food:Delivery                     2.15 EUR
    Assets:FR:BoursoBank:Compte-Courant       -2.15 EUR

2025-03-18 * EDF utility
    Expenses:Home:Utilities:Electricity          66 EUR
    Assets:FR:BforBank:Compte-Courant           -66 EUR

2025-03-18 * HelloFresh
    Expenses:Food:Groceries                 48.94 EUR
    Assets:FR:BforBank:Compte-Courant      -48.94 EUR

2025-03-18 * HelloFresh
    Expenses:Food:Groceries                  5.98 EUR
    Assets:FR:BforBank:Compte-Courant       -5.98 EUR

2025-03-18 * Cigarettes
    Expenses:Cigarettes                     13 EUR
    Assets:UK:Revolut:Personal:EUR         -13 EUR

2025-03-18 * Pain au chocolat Auber
    Expenses:Food:Snack                   2.30 EUR
    Assets:UK:Revolut:Personal:EUR       -2.30 EUR

2025-03-19 * Cigarettes
    Expenses:Cigarettes                     13 EUR
    Assets:UK:Revolut:Personal:EUR         -13 EUR

2025-03-19 * Financier Kayser
    Expenses:Food:Snack                   3.60 EUR
    Assets:UK:Revolut:Personal:EUR       -3.60 EUR

2025-03-20 * Beeminder fine
    Expenses:Subscriptions:Software        4.60 EUR
    Assets:UK:Revolut:Personal:EUR        -4.60 EUR

2025-03-21 * Cash withdrawal
    Assets:Cash:EUR                            20 EUR
    Assets:FR:BforBank:Compte-Courant         -20 EUR

2025-03-21 * Sale heater on le bon coin
    Assets:FR:BforBank:Compte-Courant          50 EUR
    Income:Resale                             -50 EUR

2025-03-21 * Reduce receivables thanks to heater cash sale
    Expenses:Home:Maintenance         49.45 EUR
    Assets:Receivables:Iskander      -49.45 EUR

2025-03-21 * Cigarettes
    Expenses:Cigarettes          13 EUR
    Assets:Cash:EUR             -13 EUR

2025-03-21 * Waffle Kayser
    Expenses:Food:Snack                   3.20 EUR
    Assets:UK:Revolut:Personal:EUR       -3.20 EUR

2025-03-21 * Euromillions
    Expenses:Entertainment                   5 EUR
    Assets:UK:Revolut:Personal:EUR          -5 EUR

2025-03-21 * Drinks Aligre with Aurelie
    Expenses:Entertainment:Social:Bars       18.50 EUR
    Assets:UK:Revolut:Personal:EUR          -18.50 EUR

2025-03-21 * Dott bike from padel
    Expenses:Transportation:Bikesharing        6.23 EUR
    Liabilities:FR:Amex:Gold                  -6.23 EUR

2025-03-21 * Padel rackets & balls rental
    Expenses:Entertainment:Social:Sports        8.00 EUR
    Liabilities:FR:Amex:Gold                   -8.00 EUR

2025-03-21 * Restaurant Passerini
    Expenses:Food:Restaurants       90.00 EUR
    Liabilities:FR:Amex:Gold       -90.00 EUR

2025-03-21 * Padel court booking Sportfield
    Expenses:Entertainment:Social:Sports       50.00 EUR
    Liabilities:FR:Amex:Gold                  -50.00 EUR

2025-03-22 * Cash withdrawal
    Assets:Cash:EUR                            70 EUR
    Assets:FR:BforBank:Compte-Courant         -70 EUR

2025-03-22 * Restaurant Luxembourg with Arnaud
    Expenses:Food:Restaurants               51.80 EUR
    Assets:FR:BforBank:Compte-Courant      -51.80 EUR

2025-03-22 * Hellofresh
    Expenses:Food:Groceries                 40.94 EUR
    Assets:FR:BforBank:Compte-Courant      -40.94 EUR

2025-03-22 * Cigarettes
    Expenses:Cigarettes          13 EUR
    Assets:Cash:EUR             -13 EUR

2025-03-22 * Therapist
    Expenses:Health:Therapy          60 EUR
    Assets:Cash:EUR                 -60 EUR

2025-03-22 * Viennoise chocolat
    Expenses:Food:Snack                   3.50 EUR
    Assets:UK:Revolut:Personal:EUR       -3.50 EUR

2025-03-22 * Drinks with Aurelie Le Drapeau
    Expenses:Entertainment:Social:Bars        9.30 EUR
    Assets:UK:Revolut:Personal:EUR           -9.30 EUR

2025-03-22 * Dott bike to optician
    Expenses:Transportation:Bikesharing        4.04 EUR
    Liabilities:FR:Amex:Gold                  -4.04 EUR

2025-03-23 * Deliveroo Pizza Chez Antoine
    Expenses:Food:Delivery                  20.79 EUR
    Assets:FR:BforBank:Compte-Courant      -20.79 EUR

2025-03-24 * Cigarettes
    Expenses:Cigarettes                     13 EUR
    Assets:UK:Revolut:Personal:EUR         -13 EUR

2025-03-24 * Drinks with Aurelie
    Expenses:Entertainment:Social:Bars       15.50 EUR
    Assets:UK:Revolut:Personal:EUR          -15.50 EUR

2025-03-24 * Carrefour food shopping
    Expenses:Food:Groceries               7.79 EUR
    Assets:UK:Revolut:Personal:EUR       -7.79 EUR

2025-03-25 * Beeminder fine
    Expenses:Subscriptions:Software        4.66 EUR
    Assets:UK:Revolut:Personal:EUR        -4.66 EUR

2025-03-25 * Cigarettes
    Expenses:Cigarettes                     13 EUR
    Assets:UK:Revolut:Personal:EUR         -13 EUR

2025-03-25 * Carrefour food shopping
    Expenses:Food:Groceries               4.89 EUR
    Assets:UK:Revolut:Personal:EUR       -4.89 EUR

2025-03-26 * Red by SFR
    Expenses:Home:Utilities:MobilePhone       11.99 EUR
    Assets:FR:BforBank:Compte-Courant        -11.99 EUR

2025-03-26 * Cigarettes
    Expenses:Cigarettes                     13 EUR
    Assets:UK:Revolut:Personal:EUR         -13 EUR

2025-03-27 * Ilia office lunch
    Expenses:Food:OfficeLunch            14.60 EUR
    Assets:UK:Revolut:Personal:EUR      -14.60 EUR

2025-03-27 * Cigarettes
    Expenses:Cigarettes                     13 EUR
    Assets:UK:Revolut:Personal:EUR         -13 EUR

2025-03-27 * Durum
    Expenses:Food:FastFood                  17 EUR
    Assets:UK:Revolut:Personal:EUR         -17 EUR

2025-03-28 * Ilia office lunch
    Expenses:Food:OfficeLunch            15.10 EUR
    Assets:UK:Revolut:Personal:EUR      -15.10 EUR

2025-03-28 * Euromillions
    Expenses:Entertainment                   5 EUR
    Assets:UK:Revolut:Personal:EUR          -5 EUR

2025-03-28 * Financier Kayser
    Expenses:Food:Snack                   3.60 EUR
    Assets:UK:Revolut:Personal:EUR       -3.60 EUR

2025-03-28 * Drinks with Aurelie La Boutique
    Expenses:Entertainment:Social:Bars       19.90 EUR
    Assets:UK:Revolut:Personal:EUR          -19.90 EUR

2025-03-28 * Carrefour food shopping
    Expenses:Food:Groceries              15.62 EUR
    Assets:UK:Revolut:Personal:EUR      -15.62 EUR

2025-03-29 * Cash withdrawal
    Assets:Cash:EUR                            60 EUR
    Assets:FR:BforBank:Compte-Courant         -60 EUR

2025-03-29 * Therapist
    Expenses:Health:Therapy          60 EUR
    Assets:Cash:EUR                 -60 EUR

2025-03-29 * Café et pain au chocolat
    Expenses:Food:Snack                   3.30 EUR
    Assets:UK:Revolut:Personal:EUR       -3.30 EUR

2025-03-29 * Cigarettes
    Expenses:Cigarettes                     13 EUR
    Assets:UK:Revolut:Personal:EUR         -13 EUR

2025-03-29 * E.KLA new glasses
    Expenses:Health:Eye              310 EUR
    Liabilities:FR:Amex:Gold        -310 EUR

2025-03-30 * Baguette and Banana bread
    Expenses:Food:Groceries                  6.71 EUR
    Assets:FR:BforBank:Compte-Courant       -6.71 EUR

2025-03-30 * Consigne Les Nautes
    Assets:Cash:EUR                              2 EUR
    Expenses:Entertainment:Social:Bars          -2 EUR

2025-03-30 * Sparkling water & Coke with Aurelie
    Expenses:Entertainment:Social:Bars        9.50 EUR
    Assets:UK:Revolut:Personal:EUR           -9.50 EUR

2025-03-30 * Cafe Gaia Vincennes
    Expenses:Food:Cafe                 4 EUR
    Liabilities:FR:Amex:Gold          -4 EUR

2025-03-31 * Charity to homeless man
    Expenses:GiftsCharity:Charity           1 EUR
    Assets:Cash:EUR                        -1 EUR

2025-03-31 * Baguette + pain au chocolat
    Expenses:Food:Snack        2.90 EUR
    Assets:Cash:EUR           -2.90 EUR

2025-03-31 * Cigarettes
    Expenses:Cigarettes                     13 EUR
    Assets:UK:Revolut:Personal:EUR         -13 EUR

2025-03-31 * Programme Endurance Flomarrec
    Expenses:Health:Sport            100 EUR
    Liabilities:FR:Amex:Gold        -100 EUR

2025-03-31 * Deliveroo Bagnard
    Expenses:Food:OfficeLunch       19.25 EUR
    Liabilities:FR:Amex:Gold       -19.25 EUR

2025-03-31 * Deliveroo Pizza Chez Antoine
    Expenses:Food:Delivery         15.84 EUR
    Liabilities:FR:Amex:Gold      -15.84 EUR

2025-03-31 * Moneyfarm valuation
    Assets:UK:Moneyfarm                         -569.96 GBP = 48,225.26 GBP
    Equity:UnrealisedCapitalGains:Moneyfarm      569.96 GBP

2025-04-01 * 111 Wage + bonus
    Assets:FR:BforBank:Compte-Courant     17,870.12 EUR
    Income:FR:111Capital:Salary          -17,870.12 EUR

2025-04-01 * Transfert Livret A
    Assets:FR:BforBank:LivretA            9,565.41 EUR
    Assets:FR:BforBank:Compte-Courant    -9,565.41 EUR

2025-04-01 * Cash withdrawal
    Assets:Cash:EUR                            20 EUR
    Assets:FR:BforBank:Compte-Courant         -20 EUR

2025-04-01 * Navigo
    Expenses:Transportation:PublicTransport       88.80 EUR
    Assets:FR:BforBank:Compte-Courant            -88.80 EUR  ; date:2025-04-02

2025-04-01 * Cigarettes
    Expenses:Cigarettes          13 EUR
    Assets:Cash:EUR             -13 EUR

2025-04-01 * Deliveroo Smash Burger
    Expenses:Food:Delivery         16.30 EUR
    Liabilities:FR:Amex:Gold      -16.30 EUR

2025-04-02 * Rent Citeaux
    Expenses:Home:Rent                     1,330. EUR
    Assets:FR:BforBank:Compte-Courant     -1,330. EUR

2025-04-02 * Cigarettes
    Expenses:Cigarettes                        13 EUR
    Assets:FR:BforBank:Compte-Courant         -13 EUR

2025-04-02 * Franprix groceries shopping
    Expenses:Food:Groceries                 27.03 EUR
    Assets:FR:BforBank:Compte-Courant      -27.03 EUR

2025-04-02 * Drinks with Aurelie Aligre
    Expenses:Entertainment:Social:Bars          10 EUR
    Assets:FR:BforBank:Compte-Courant          -10 EUR

2025-04-02 * Beeminder fine
    Expenses:Subscriptions:Software        9.32 EUR
    Assets:UK:Revolut:Personal:EUR        -9.32 EUR

2025-04-02 * Deliveroo Gourou
    Expenses:Food:Delivery         24.20 EUR
    Liabilities:FR:Amex:Gold      -24.20 EUR

2025-04-03 * Revolut Transfer
    Assets:UK:Revolut:Personal:EUR            100 EUR
    Assets:FR:BforBank:Compte-Courant        -100 EUR

2025-04-03 * Cash withdrawal
    Assets:Cash:EUR                           150 EUR
    Assets:FR:BforBank:Compte-Courant        -150 EUR

2025-04-03 * Drinks with Arnaud
    Expenses:Entertainment:Social:Bars          14 EUR
    Assets:FR:BforBank:Compte-Courant          -14 EUR

2025-04-03 * Cigarettes
    Expenses:Cigarettes                     13 EUR
    Assets:UK:Revolut:Personal:EUR         -13 EUR

2025-04-03 * Drinks with Arnaud
    Expenses:Entertainment:Social:Bars          14 EUR
    Assets:UK:Revolut:Personal:EUR             -14 EUR

2025-04-03 * MS Therapy
    Expenses:PersonalCare:Discretionary         150 EUR
    Assets:Cash:EUR                            -150 EUR

2025-04-03 * Dott ride to fourreurs
    Expenses:Transportation:Bikesharing        3.89 EUR
    Liabilities:FR:Amex:Gold                  -3.89 EUR

2025-04-04 * Carrefour breakfast
    Expenses:Food:Groceries               6.65 EUR
    Assets:UK:Revolut:Personal:EUR       -6.65 EUR

2025-04-04 * Cigarettes
    Expenses:Cigarettes                     13 EUR
    Assets:UK:Revolut:Personal:EUR         -13 EUR

2025-04-04 * Drinks with Aurelie
    Expenses:Entertainment:Social:Bars        7.50 EUR
    Assets:UK:Revolut:Personal:EUR           -7.50 EUR

2025-04-04 * Drinks with Aurelie pt2
    Expenses:Entertainment:Social:Bars        7.50 EUR
    Assets:UK:Revolut:Personal:EUR           -7.50 EUR

2025-04-04 * Dott ride to padel
    Expenses:Transportation:Bikesharing        6.79 EUR
    Liabilities:FR:Amex:Gold                  -6.79 EUR

2025-04-04 * Padel rackets & balls rental
    Expenses:Entertainment:Social:Sports           8 EUR
    Liabilities:FR:Amex:Gold                      -8 EUR

2025-04-04 * Delivery Pizzou
    Expenses:Food:Delivery         23.14 EUR
    Liabilities:FR:Amex:Gold      -23.14 EUR

2025-04-04 * R2 Training
    Expenses:Health:Gym              179 EUR
    Liabilities:FR:Amex:Gold        -179 EUR

2025-04-05 * Cash withdrawal
    Assets:Cash:EUR                            60 EUR
    Assets:FR:BforBank:Compte-Courant         -60 EUR

2025-04-05 * Hellofresh
    Expenses:Food:Groceries                 48.94 EUR
    Assets:FR:BforBank:Compte-Courant      -48.94 EUR

2025-04-05 * Macrofactor
    Expenses:Subscriptions:Software         13.99 EUR
    Assets:FR:BforBank:Compte-Courant      -13.99 EUR

2025-04-05 * Beeminder fine
    Expenses:Subscriptions:Software        4.64 EUR
    Assets:UK:Revolut:Personal:EUR        -4.64 EUR

2025-04-05 * Cigarettes
    Expenses:Cigarettes                     13 EUR
    Assets:UK:Revolut:Personal:EUR         -13 EUR

2025-04-05 * Therapy
    Expenses:Health:Therapy          60 EUR
    Assets:Cash:EUR                 -60 EUR

2025-04-05 * Pain au chocolat
    Expenses:Food:Snack        1.30 EUR
    Assets:Cash:EUR           -1.30 EUR

2025-04-06 * Glaces creme de la creme
    Expenses:Food:Snack                     17 EUR
    Assets:UK:Revolut:Personal:EUR         -17 EUR

2025-04-06 * Eurostar
    Expenses:Travel:Train            128 EUR
    Liabilities:FR:Amex:Gold        -128 EUR

2025-04-06 * Joseph Joseph Showroom prive
    Expenses:Home:Furniture       179.89 EUR
    Liabilities:FR:Amex:Gold     -179.89 EUR

2025-04-06 * Amex subscription
    Expenses:Finance:CreditCard          16 EUR
    Liabilities:FR:Amex:Gold            -16 EUR

2025-04-07 * Viennoiseries
    Expenses:Food:Snack                      5.50 EUR
    Assets:FR:BforBank:Compte-Courant       -5.50 EUR

2025-04-07 * Cigarettes
    Expenses:Cigarettes                        13 EUR
    Assets:FR:BforBank:Compte-Courant         -13 EUR

2025-04-08 * Revolut Transfer
    Assets:UK:Revolut:Personal:EUR            200 EUR
    Assets:FR:BforBank:Compte-Courant        -200 EUR

2025-04-08 * Cigarettes
    Expenses:Cigarettes                     13.20 EUR
    Assets:FR:BforBank:Compte-Courant      -13.20 EUR

2025-04-08 * Drinks with Aurelie Vincennes
    Expenses:Entertainment:Social:Bars          32 EUR
    Assets:UK:Revolut:Personal:EUR             -32 EUR

2025-04-08 * Baguette
    Expenses:Food:Groceries        1.30 EUR
    Assets:Cash:EUR               -1.30 EUR

2025-04-08 * Fedex invoice
    Expenses:Home:Maintenance       61.20 EUR
    Liabilities:FR:Amex:Gold       -61.20 EUR

2025-04-09 * Open AI subscription
    Expenses:Subscriptions:Software       21.85 EUR
    Assets:UK:Revolut:Personal:EUR       -21.85 EUR

2025-04-09 * Cigarettes
    Expenses:Cigarettes                     13 EUR
    Assets:UK:Revolut:Personal:EUR         -13 EUR

2025-04-09 * Fisherman's Friend
    Expenses:Food:Snack                   2.50 EUR
    Assets:UK:Revolut:Personal:EUR       -2.50 EUR

2025-04-09 * Durum
    Expenses:Food:FastFood                   9 EUR
    Assets:UK:Revolut:Personal:EUR          -9 EUR

2025-04-10 * Deliveroo fee
    Expenses:Food:OfficeLunch                  1.56 EUR
    Assets:FR:BoursoBank:Compte-Courant       -1.56 EUR

2025-04-10 * Cafe Nuances and pain au chocolat
    Expenses:Food:Cafe                    6.93 EUR
    Assets:UK:Revolut:Personal:EUR       -6.93 EUR

2025-04-11 * Amex settlement
    Liabilities:FR:Amex:Gold              1,483.46 EUR
    Assets:FR:BforBank:Compte-Courant    -1,483.46 EUR

2025-04-11 * Cash withdrawal
    Assets:Cash:EUR                            20 EUR
    Assets:FR:BforBank:Compte-Courant         -20 EUR

2025-04-11 * Isky heater settlement
    Assets:UK:Revolut:Personal:EUR         540 EUR
    Assets:Receivables:Iskander           -540 EUR

2025-04-11 * Pain aux raisins
    Expenses:Food:Snack        1.65 EUR
    Assets:Cash:EUR           -1.65 EUR

2025-04-11 * Cigarettes
    Expenses:Cigarettes          13 EUR
    Assets:Cash:EUR             -13 EUR

2025-04-11 * Padel rackets & balls rental
    Expenses:Entertainment:Social:Sports           8 EUR
    Liabilities:FR:Amex:Gold                      -8 EUR

2025-04-12 * Hellofresh
    Expenses:Food:Groceries                 48.94 EUR
    Assets:FR:BforBank:Compte-Courant      -48.94 EUR

2025-04-12 * Taxi to padel
    Expenses:Transportation:Taxi            10.70 EUR
    Assets:FR:BforBank:Compte-Courant      -10.70 EUR

2025-04-12 * Lunch Vincennes
    Expenses:Food:Restaurants               26.90 EUR
    Assets:FR:BforBank:Compte-Courant      -26.90 EUR

2025-04-12 * Beeminder fine
    Expenses:Subscriptions:Software        8.92 EUR
    Assets:UK:Revolut:Personal:EUR        -8.92 EUR

2025-04-12 * Cojean breakfast with Arnaud
    Expenses:Food:Cafe                   13.50 EUR
    Assets:UK:Revolut:Personal:EUR      -13.50 EUR

2025-04-12 * Uber to Arnaud
    Expenses:Transportation:Taxi         17.90 EUR
    Assets:UK:Revolut:Personal:EUR      -17.90 EUR

2025-04-12 * Cigarettes
    Expenses:Cigarettes          13 EUR
    Assets:Cash:EUR             -13 EUR

2025-04-12 * Eurostar
    Expenses:Travel:Train            303 EUR
    Liabilities:FR:Amex:Gold        -303 EUR

2025-04-13 * Cafe Gaia Vincennes with Aurelie
    Expenses:Food:Cafe                       8 EUR
    Assets:UK:Revolut:Personal:EUR          -8 EUR

2025-04-13 * Cigarettes
    Expenses:Cigarettes                     13 EUR
    Assets:UK:Revolut:Personal:EUR         -13 EUR

2025-04-13 * Flomarrec PDFs
    Expenses:Health:Sport                   10 EUR
    Assets:UK:Revolut:Personal:EUR         -10 EUR

2025-04-13 * Deliveroo Chez Antoine
    Expenses:Food:Delivery         15.39 EUR
    Liabilities:FR:Amex:Gold      -15.39 EUR

2025-04-14 * Drinks with Aurelie
    Expenses:Entertainment:Social:Bars          20 EUR
    Assets:FR:BforBank:Compte-Courant          -20 EUR

2025-04-14 * Musee Citeco
    Expenses:Entertainment                  20 EUR
    Assets:UK:Revolut:Personal:EUR         -20 EUR

2025-04-14 * Pain au chocolat Auber
    Expenses:Food:Snack                   2.30 EUR
    Assets:UK:Revolut:Personal:EUR       -2.30 EUR

2025-04-14 * Cigarettes
    Expenses:Cigarettes                     13 EUR
    Assets:UK:Revolut:Personal:EUR         -13 EUR

2025-04-14 * Deliveroo fee
    Expenses:Food:OfficeLunch             2.15 EUR
    Assets:UK:Revolut:Personal:EUR       -2.15 EUR

2025-04-15 * Cash withdrawal
    Assets:Cash:EUR                            20 EUR
    Assets:FR:BforBank:Compte-Courant         -20 EUR

2025-04-15 * Cigarettes
    Expenses:Cigarettes                        13 EUR
    Assets:FR:BforBank:Compte-Courant         -13 EUR

2025-04-15 * Drinks Pause Cafe Bastille
    Expenses:Entertainment:Social:Bars       10.50 EUR
    Assets:FR:BforBank:Compte-Courant       -10.50 EUR

2025-04-15 * Durum
    Expenses:Food:FastFood                     11 EUR
    Assets:FR:BforBank:Compte-Courant         -11 EUR

2025-04-15 * Lebara Mobile
    Expenses:Home:Utilities:MobilePhone        5.85 EUR
    Assets:UK:Revolut:Personal:EUR            -5.85 EUR

2025-04-15 * Uber to Vincennes with Aurelie
    Expenses:Transportation:Taxi         33.96 EUR
    Assets:UK:Revolut:Personal:EUR      -33.96 EUR

2025-04-15 * Hairdresser
    Expenses:PersonalCare:Hair          12 EUR
    Assets:Cash:EUR                    -12 EUR

2025-04-16 * Cigarettes
    Expenses:Cigarettes                        13 EUR
    Assets:FR:BforBank:Compte-Courant         -13 EUR

2025-04-16 * Beeminder fine
    Expenses:Subscriptions:Software        4.45 EUR
    Assets:UK:Revolut:Personal:EUR        -4.45 EUR

2025-04-16 * Carrefour City
    Expenses:Food:Groceries              14.14 EUR
    Assets:UK:Revolut:Personal:EUR      -14.14 EUR

2025-04-17 * Cash withdrawal
    Assets:Cash:EUR                           120 EUR
    Assets:FR:BforBank:Compte-Courant        -120 EUR

2025-04-17 * Cash withdrawal
    Assets:Cash:EUR                            20 EUR
    Assets:FR:BforBank:Compte-Courant         -20 EUR

2025-04-17 * Crepe Nutella Saint Antoine
    Expenses:Food:Snack                      4 EUR
    Assets:UK:Revolut:Personal:EUR          -4 EUR

2025-04-17 * Therapist
    Expenses:Health:Therapy         120 EUR
    Assets:Cash:EUR                -120 EUR

2025-04-17 * Cigarettes
    Expenses:Cigarettes          13 EUR
    Assets:Cash:EUR             -13 EUR

2025-04-17 * Car Rental
    Expenses:Transportation:CarRental         253 EUR
    Liabilities:FR:Amex:Gold                 -253 EUR

2025-04-18 * TFL
    Expenses:Transportation:PublicTransport        1.75 GBP
    Liabilities:UK:Halifax:Clarity                -1.75 GBP

2025-04-18 * EDF subscription
    Expenses:Home:Utilities:Electricity          66 EUR
    Assets:FR:BforBank:Compte-Courant           -66 EUR

2025-04-18 * Cash withdrawal
    Assets:Cash:EUR                           230 EUR
    Assets:FR:BforBank:Compte-Courant        -230 EUR

2025-04-18 * Sandwich Paul Eurostar
    Expenses:Food:Snack                   9.45 EUR
    Assets:UK:Revolut:Personal:EUR       -9.45 EUR

2025-04-18 * Water bottle relay
    Expenses:Food:Snack                   2.70 EUR
    Assets:UK:Revolut:Personal:EUR       -2.70 EUR

2025-04-18 * Fisherman's Friend and sweets
    Expenses:Food:Snack        3.20 EUR
    Assets:Cash:EUR           -3.20 EUR

2025-04-18 * MS Therapy
    Expenses:PersonalCare:Discretionary         210 EUR
    Assets:Cash:EUR                            -210 EUR

2025-04-19 * TFL
    Expenses:Transportation:PublicTransport        6.40 GBP
    Liabilities:UK:Halifax:Clarity                -6.40 GBP

2025-04-19 * Toilets Hyde Park
    Expenses:Misc                         0.20 GBP
    Liabilities:UK:Halifax:Clarity       -0.20 GBP

2025-04-19 * Cigarettes
    Expenses:Cigarettes                  17.76 GBP
    Liabilities:UK:Halifax:Clarity      -17.76 GBP

2025-04-19 * Beeminder fine
    Expenses:Subscriptions:Software        4.45 EUR
    Assets:UK:Revolut:Personal:EUR        -4.45 EUR

2025-04-19 * Ice Cream Hyde Park
    Expenses:Food:Snack                   9.45 EUR
    Assets:UK:Revolut:Personal:EUR       -9.45 EUR

2025-04-20 * Coffee Watchhouse
    Expenses:Food:Cafe                       4 GBP
    Liabilities:UK:Halifax:Clarity          -4 GBP

2025-04-20 * TFL
    Expenses:Transportation:PublicTransport        7.75 GBP
    Liabilities:UK:Halifax:Clarity                -7.75 GBP

2025-04-20 * Beeminder fine
    Expenses:Subscriptions:Software        4.45 EUR
    Assets:UK:Revolut:Personal:EUR        -4.45 EUR

2025-04-21 * Cash withdrawal
    Assets:Cash:EUR                            20 EUR
    Assets:FR:BforBank:Compte-Courant         -20 EUR

2025-04-21 * Cash withdrawal
    Assets:Cash:EUR                           150 EUR
    Assets:FR:BforBank:Compte-Courant        -150 EUR  ; date:2025-04-21

2025-04-21 * Velib
    Expenses:Transportation:Bikesharing           6 EUR
    Assets:FR:BforBank:Compte-Courant            -6 EUR

2025-04-21 * Lunch Bagnard with Aurelie
    Expenses:Food:Restaurants               35 EUR
    Assets:UK:Revolut:Personal:EUR         -35 EUR

2025-04-21 * Cigarettes
    Expenses:Cigarettes          13 EUR
    Assets:Cash:EUR             -13 EUR

2025-04-21 * MS Therapy
    Expenses:PersonalCare:Discretionary         180 EUR
    Assets:Cash:EUR                            -180 EUR

2025-04-22 * Cigarettes
    Expenses:Cigarettes                     13 EUR
    Assets:UK:Revolut:Personal:EUR         -13 EUR

2025-04-23 * Water Bottle
    Expenses:Food:Snack                   3.50 EUR
    Assets:UK:Revolut:Personal:EUR       -3.50 EUR

2025-04-23 * Water Bottle receivable
    Assets:Receivables:Aurelie        1.75 EUR
    Expenses:Food:Snack              -1.75 EUR

2025-04-23 * Coffee Brioche Train
    Expenses:Food:Snack                   7.30 EUR
    Assets:UK:Revolut:Personal:EUR       -7.30 EUR

2025-04-23 * Coffee Brioche Train receivable
    Assets:Receivables:Aurelie        3.65 EUR
    Expenses:Food:Snack              -3.65 EUR

2025-04-23 * Toilets Avignon Train Station
    Expenses:Misc                            1 EUR
    Assets:UK:Revolut:Personal:EUR          -1 EUR

2025-04-23 * Super U groceries
    Expenses:Food:Groceries        51.13 EUR
    Liabilities:FR:Amex:Gold      -51.13 EUR

2025-04-23 * Super U groceries receivables
    Assets:Receivables:Aurelie       25.57 EUR
    Expenses:Food:Groceries         -25.57 EUR

2025-04-23 * Butcher La Provencale
    Expenses:Food:Groceries        39.06 EUR
    Liabilities:FR:Amex:Gold      -39.06 EUR

2025-04-23 * Butcher La Provencale Receivables
    Assets:Receivables:Aurelie       19.53 EUR
    Expenses:Food:Groceries         -19.53 EUR

2025-04-23 * Car Rental damages fine
    Expenses:Transportation:CarRental         285 EUR
    Liabilities:FR:Amex:Gold                 -285 EUR

2025-04-24 * Bargalia Cafe Gordes
    Expenses:Food:Cafe                          4 EUR
    Assets:FR:BforBank:Compte-Courant          -4 EUR

2025-04-24 * Bargalia Cafe Gordes Receivable
    Assets:Receivables:Aurelie           2 EUR
    Expenses:Food:Cafe                  -2 EUR

2025-04-24 * Cigarettes
    Expenses:Cigarettes                        13 EUR
    Assets:FR:BforBank:Compte-Courant         -13 EUR

2025-04-24 * Fisherman's Friend
    Expenses:Food:Snack                      2.40 EUR
    Assets:FR:BforBank:Compte-Courant       -2.40 EUR

2025-04-24 * Gordes Castle
    Expenses:Entertainment:Events              12 EUR
    Assets:FR:BforBank:Compte-Courant         -12 EUR

2025-04-24 * Gordes Castle Receivable
    Assets:Receivables:Aurelie              6 EUR
    Expenses:Entertainment:Events          -6 EUR

2025-04-25 * Ice Cream Rousillon
    Expenses:Food:Snack                     17.50 EUR
    Assets:FR:BforBank:Compte-Courant      -17.50 EUR

2025-04-25 * Cigarettes
    Expenses:Cigarettes                     13 EUR
    Assets:UK:Revolut:Personal:EUR         -13 EUR

2025-04-26 * SFR subscription
    Expenses:Home:Utilities:MobilePhone       11.99 EUR
    Assets:FR:BforBank:Compte-Courant        -11.99 EUR

2025-04-26 * HelloFresh
    Expenses:Food:Groceries                 48.94 EUR
    Assets:FR:BforBank:Compte-Courant      -48.94 EUR

2025-04-26 * Car Rental cleaning
    Expenses:Transportation:CarRental           6 EUR
    Assets:FR:BforBank:Compte-Courant          -6 EUR

2025-04-26 * Car Rental cleaning receivable
    Assets:Receivables:Aurelie                  3 EUR
    Expenses:Transportation:CarRental          -3 EUR

2025-04-26 * Car Rental fuel
    Expenses:Transportation:CarRental       47.50 EUR
    Assets:FR:BforBank:Compte-Courant      -47.50 EUR

2025-04-26 * Car Rental fuel receivable
    Assets:Receivables:Aurelie              23.75 EUR
    Expenses:Transportation:CarRental      -23.75 EUR

2025-04-26 * Hameau des Baux restaurant and drinks
    Expenses:Travel:Holidays      155.48 EUR
    Liabilities:FR:Amex:Gold     -155.48 EUR

2025-04-27 * Cafe Kayser Avignon Station
    Expenses:Food:Cafe                    6.90 EUR
    Assets:UK:Revolut:Personal:EUR       -6.90 EUR

2025-04-27 * Cafe Kayser Avignon Station
    Assets:Receivables:Aurelie        3.45 EUR
    Expenses:Food:Cafe               -3.45 EUR

2025-04-27 * Cigarettes
    Expenses:Cigarettes                     13 EUR
    Assets:UK:Revolut:Personal:EUR         -13 EUR

2025-04-27 * Beeminder fine
    Expenses:Subscriptions:Software        4.47 EUR
    Assets:UK:Revolut:Personal:EUR        -4.47 EUR

2025-04-27 * Beeminder fine
    Expenses:Subscriptions:Software        4.47 EUR
    Assets:UK:Revolut:Personal:EUR        -4.47 EUR

2025-04-27 * Holidays payables
    Expenses:Travel:Holidays            31.5 EUR
    Liabilities:Payables:Aurelie       -31.5 EUR

2025-04-27 * Settlement payables
    Liabilities:Payables:Aurelie        31.5 EUR
    Assets:Receivables:Aurelie         -31.5 EUR

2025-04-28 * Kayser Office Lunch
    Expenses:Food:OfficeLunch            13.40 EUR
    Assets:UK:Revolut:Personal:EUR      -13.40 EUR

2025-04-28 * Cigarettes
    Expenses:Cigarettes                     13 EUR
    Assets:UK:Revolut:Personal:EUR         -13 EUR

2025-04-29 * Le Petit Panda
    Expenses:Food:OfficeLunch               13 EUR
    Assets:UK:Revolut:Personal:EUR         -13 EUR

2025-04-29 * Deliveroo Amorino
    Expenses:Food:Delivery         29.49 EUR
    Liabilities:FR:Amex:Gold      -29.49 EUR

2025-04-30 * Durum with Aurelie
    Expenses:Food:FastFood                     17 EUR
    Assets:FR:BforBank:Compte-Courant         -17 EUR

2025-04-30 * Beeminder fine
    Expenses:Subscriptions:Software        4.41 EUR
    Assets:UK:Revolut:Personal:EUR        -4.41 EUR

2025-04-30 * Cigarettes
    Expenses:Cigarettes                     13 EUR
    Assets:UK:Revolut:Personal:EUR         -13 EUR

2025-04-30 * Ilya
    Expenses:Food:OfficeLunch            14.60 EUR
    Assets:UK:Revolut:Personal:EUR      -14.60 EUR

2025-05-01 * 111 Wage
    Assets:FR:BforBank:Compte-Courant     6,519.34 EUR
    Income:FR:111Capital:Salary          -6,519.34 EUR

2025-05-01 * Rent Citeaux
    Expenses:Home:Rent                     1,330. EUR
    Assets:FR:BforBank:Compte-Courant     -1,330. EUR

2025-05-01 * Deliveroo fee
    Expenses:Food:Delivery                     2.39 EUR
    Assets:FR:BoursoBank:Compte-Courant       -2.39 EUR

2025-05-01 * Transfer to BoursoBank
    Assets:FR:BoursoBank:Compte-Courant          10 EUR
    Assets:FR:BforBank:Compte-Courant           -10 EUR

2025-05-01 * Navigo
    Expenses:Transportation:PublicTransport       88.80 EUR
    Assets:UK:Revolut:Personal:EUR               -88.80 EUR

2025-05-01 * Car Rental damages fine outstanding
    Expenses:Transportation:CarRental          40 EUR
    Liabilities:FR:Amex:Gold                  -40 EUR

2025-05-02 * Taxi to Maison de la radio
    Expenses:Transportation:Taxi       11.10 EUR
    Liabilities:FR:Amex:Gold          -11.10 EUR

2025-05-03 * Cigarettes
    Expenses:Cigarettes          13 EUR
    Assets:Cash:EUR             -13 EUR

2025-05-03 * Cash withdrawal
    Assets:Cash:EUR                            20 EUR
    Assets:FR:BforBank:Compte-Courant         -20 EUR

2025-05-03 * Carrefour City
    Expenses:Food:Groceries              12.61 EUR
    Assets:UK:Revolut:Personal:EUR      -12.61 EUR

2025-05-04 * Cigarettes
    Expenses:Cigarettes          13 EUR
    Assets:Cash:EUR             -13 EUR

2025-05-04 * Cash withdrawal
    Assets:Cash:EUR                            20 EUR
    Assets:FR:BforBank:Compte-Courant         -20 EUR

2025-05-04 * Transfer to Revolut
    Assets:UK:Revolut:Personal:EUR            200 EUR
    Assets:FR:BforBank:Compte-Courant        -200 EUR  ; date:2025-05-06

2025-05-04 * Drinks with Robin
    Expenses:Entertainment:Social:Bars       11.50 EUR
    Assets:UK:Revolut:Personal:EUR          -11.50 EUR

2025-05-04 * Buy GBP with Revolut
    Assets:UK:Revolut:Personal:GBP    37.86 GBP @@ 44.59 EUR
    Equity:Conversion:EUR-GBP:GBP                 -37.86 GBP
    Equity:Conversion:EUR-GBP:EUR                  44.59 EUR
    Assets:UK:Revolut:Personal:EUR                -44.59 EUR

2025-05-04 * Brunch Maison Victoria
    Expenses:Food:Restaurants          41 EUR
    Liabilities:FR:Amex:Gold          -41 EUR

2025-05-04 * PRP Chicheportiche
    Expenses:PersonalCare:Hair         200 EUR
    Liabilities:FR:Amex:Gold          -200 EUR

2025-05-05 * Baguette
    Expenses:Food:Groceries        1.35 EUR
    Assets:Cash:EUR               -1.35 EUR

2025-05-05 * ChatGPT subscription for mum
    Expenses:GiftsCharity:Gifts             21.99 EUR
    Assets:FR:BforBank:Compte-Courant      -21.99 EUR

2025-05-05 * MacroFactor subscription
    Expenses:Subscriptions:Software         13.99 EUR
    Assets:FR:BforBank:Compte-Courant      -13.99 EUR

2025-05-05 * Pain au chocolat
    Expenses:Food:Snack                   1.50 EUR
    Assets:UK:Revolut:Personal:EUR       -1.50 EUR

2025-05-05 * Transfer GBP to Halifax Current Account
    Assets:UK:Halifax:Current-Account       37.86 GBP
    Assets:UK:Revolut:Personal:GBP         -37.86 GBP

2025-05-05 * R2 Training
    Expenses:Health:Gym              179 EUR
    Liabilities:FR:Amex:Gold        -179 EUR

2025-05-05 * Luberon dinners paid by Glenn
    Expenses:Food:Restaurants                 345 EUR
    Liabilities:Payables:Glenn               -345 EUR
    Liabilities:Payables:Glenn                345 EUR
    Assets:FR:BforBank:Compte-Courant        -345 EUR

2025-05-05 * Luberon dinners receivables
    Assets:Receivables:Aurelie         120 EUR
    Expenses:Food:Restaurants         -120 EUR

2025-05-05 * Settlement receivables Aurelie
    Assets:FR:BforBank:Compte-Courant      303.20 EUR
    Assets:Receivables:Aurelie            -303.20 EUR

2025-05-06 * Velib
    Expenses:Transportation:Bikesharing          12 EUR
    Assets:FR:BforBank:Compte-Courant           -12 EUR

2025-05-06 * Cigarettes
    Expenses:Cigarettes                     13 EUR
    Assets:UK:Revolut:Personal:EUR         -13 EUR

2025-05-06 * Drinks with Arnaud
    Expenses:Entertainment:Social:Bars       19.60 EUR
    Assets:UK:Revolut:Personal:EUR          -19.60 EUR

2025-05-06 * Durum
    Expenses:Food:FastFood                9.50 EUR
    Assets:UK:Revolut:Personal:EUR       -9.50 EUR

2025-05-06 * Nutella Crepe
    Expenses:Food:Snack                      5 EUR
    Assets:UK:Revolut:Personal:EUR          -5 EUR

2025-05-06 * Beeminder fine
    Expenses:Subscriptions:Software        4.43 EUR
    Assets:UK:Revolut:Personal:EUR        -4.43 EUR

2025-05-06 * Beeminder fine
    Expenses:Subscriptions:Software        4.43 EUR
    Assets:UK:Revolut:Personal:EUR        -4.43 EUR

2025-05-06 * Amex subscription
    Expenses:Finance:CreditCard          16 EUR
    Liabilities:FR:Amex:Gold            -16 EUR

2025-05-06 * Deliveroo Five Guys
    Expenses:Food:OfficeLunch       28.69 EUR
    Liabilities:FR:Amex:Gold       -28.69 EUR

2025-05-06 * Settlement Halifax Clarity
    Liabilities:UK:Halifax:Clarity          37.86 GBP
    Assets:UK:Halifax:Current-Account      -37.86 GBP

2025-05-07 * Drinks with Symeon
    Expenses:Entertainment:Social:Bars          14 EUR
    Assets:FR:BforBank:Compte-Courant          -14 EUR

2025-05-07 * Drinks with Symeon/Alexandre
    Expenses:Entertainment:Social:Bars          27 EUR
    Assets:FR:BforBank:Compte-Courant          -27 EUR

2025-05-07 * Cigarettes
    Expenses:Cigarettes                        13 EUR
    Assets:FR:BforBank:Compte-Courant         -13 EUR

2025-05-07 * Prime subscription
    Expenses:Subscriptions         69.90 EUR
    Liabilities:FR:Amex:Gold      -69.90 EUR

2025-05-08 * Car rental insurance claim
    Assets:FR:BforBank:Compte-Courant         175 EUR
    Expenses:Transportation:CarRental        -175 EUR

2025-05-08 * Lunch Boulangerie Ounissi
    Expenses:Food:Snack                  21.91 EUR
    Assets:UK:Revolut:Personal:EUR      -21.91 EUR

2025-05-08 * Uber
    Expenses:Transportation:Taxi       17.95 EUR
    Liabilities:FR:Amex:Gold          -17.95 EUR

2025-05-08 * Amex refund prime subscription
    Liabilities:FR:Amex:Gold       69.90 EUR
    Expenses:Subscriptions        -69.90 EUR

2025-05-09 * Cigarettes
    Expenses:Cigarettes          13 EUR
    Assets:Cash:EUR             -13 EUR

2025-05-09 * Minoxidil
    Expenses:Health:Pharmacy                23.17 EUR
    Assets:FR:BforBank:Compte-Courant      -23.17 EUR

2025-05-09 * Drinks Rosa Bonheur with Aurelie
    Expenses:Entertainment:Social:Bars       12.50 EUR
    Assets:UK:Revolut:Personal:EUR          -12.50 EUR

2025-05-09 * Deliveroo
    Expenses:Food:Delivery         20.99 EUR
    Liabilities:FR:Amex:Gold      -20.99 EUR

2025-05-10 * Tips waiter
    Expenses:Food:Restaurants        1.50 EUR
    Assets:Cash:EUR                 -1.50 EUR

2025-05-10 * Cigarettes
    Expenses:Cigarettes                        13 EUR
    Assets:FR:BforBank:Compte-Courant         -13 EUR

2025-05-10 * Fisherman's Friend
    Expenses:Food:Snack                      2.50 EUR
    Assets:FR:BforBank:Compte-Courant       -2.50 EUR

2025-05-10 * Restaurant Gambetta
    Expenses:Food:Restaurants               83.50 EUR
    Assets:FR:BforBank:Compte-Courant      -83.50 EUR

2025-05-10 * GP appointment
    Expenses:Health:Doctor                   9 EUR
    Assets:UK:Revolut:Personal:EUR          -9 EUR

2025-05-10 * Drinks with Aurelie
    Expenses:Entertainment:Social:Bars       23.80 EUR
    Assets:UK:Revolut:Personal:EUR          -23.80 EUR

2025-05-11 * Cigarettes
    Expenses:Cigarettes                     13 EUR
    Assets:UK:Revolut:Personal:EUR         -13 EUR

2025-05-12 * Baguette
    Expenses:Food:Groceries        1.35 EUR
    Assets:Cash:EUR               -1.35 EUR

2025-05-12 * Doowap Carrefour
    Expenses:Food:Snack                   3.24 EUR
    Assets:UK:Revolut:Personal:EUR       -3.24 EUR

2025-05-13 * Baguette
    Expenses:Food:Groceries        1.35 EUR
    Assets:Cash:EUR               -1.35 EUR

2025-05-13 * Cigarettes
    Expenses:Cigarettes                        13 EUR
    Assets:FR:BforBank:Compte-Courant         -13 EUR

2025-05-13 * Delivero fee
    Expenses:Food:Delivery                     1.60 EUR
    Assets:FR:BoursoBank:Compte-Courant       -1.60 EUR

2025-05-13 * Uber eats fees
    Expenses:Food:OfficeLunch        2.85 EUR
    Liabilities:FR:Amex:Gold        -2.85 EUR

2025-05-13 * Hyrox
    Expenses:Entertainment:Events:Sports      131.44 EUR
    Liabilities:FR:Amex:Gold                 -131.44 EUR

2025-05-14 * Amex settlement
    Liabilities:FR:Amex:Gold              1,867.75 EUR
    Assets:FR:BforBank:Compte-Courant    -1,867.75 EUR

2025-05-14 * Refund Alan
    Assets:FR:BforBank:Compte-Courant           9 EUR
    Expenses:Health:Doctor                     -9 EUR

2025-05-14 * Pain au chocolat
    Expenses:Food:Snack                   1.70 EUR
    Assets:UK:Revolut:Personal:EUR       -1.70 EUR

2025-05-14 * Franprix
    Expenses:Food:Groceries              12.06 EUR
    Assets:UK:Revolut:Personal:EUR      -12.06 EUR

2025-05-15 * Hairdresser
    Expenses:PersonalCare:Hair          22 EUR
    Assets:Cash:EUR                    -22 EUR

2025-05-15 * Cigarettes
    Expenses:Cigarettes          13 EUR
    Assets:Cash:EUR             -13 EUR

2025-05-15 * Cash withdrawal
    Assets:Cash:EUR                            20 EUR
    Assets:FR:BforBank:Compte-Courant         -20 EUR

2025-05-15 * Cash withdrawal
    Assets:Cash:EUR                            20 EUR
    Assets:FR:BforBank:Compte-Courant         -20 EUR

2025-05-15 * Beeminder fine
    Expenses:Subscriptions:Software        4.49 EUR
    Assets:UK:Revolut:Personal:EUR        -4.49 EUR

2025-05-15 * Lebara mobile
    Expenses:Home:Utilities:MobilePhone        5.97 EUR
    Assets:UK:Revolut:Personal:EUR            -5.97 EUR

2025-05-15 * Return Joseph Joseph showroom prive
    Liabilities:FR:Amex:Gold       53.40 EUR
    Expenses:Home:Furniture       -53.40 EUR

2025-05-15 * Restaurant Hugo & Co with Richard
    Expenses:Food:Restaurants              104.50 EUR
    Liabilities:FR:Amex:Gold              -104.50 EUR
    Assets:Receivables:Aurelie                 55 EUR
    Expenses:Food:Restaurants                 -55 EUR
    Assets:FR:BforBank:Compte-Courant          55 EUR
    Assets:Receivables:Aurelie                -55 EUR

2025-05-16 * EDF subscription
    Expenses:Home:Utilities:Electricity          66 EUR
    Assets:FR:BforBank:Compte-Courant           -66 EUR

2025-05-16 * Padel rackets & balls rental London
    Expenses:Entertainment:Social:Sports       27.41 EUR
    Assets:UK:Revolut:Personal:EUR            -27.41 EUR

2025-05-16 * Beers Canary Wharf
    Expenses:Entertainment:Social:Bars       26.88 EUR
    Assets:UK:Revolut:Personal:EUR          -26.88 EUR

2025-05-16 * Beeminder fine
    Expenses:Subscriptions:Software        4.54 EUR
    Assets:UK:Revolut:Personal:EUR        -4.54 EUR

2025-05-16 * Beeminder fine
    Expenses:Subscriptions:Software        4.54 EUR
    Assets:UK:Revolut:Personal:EUR        -4.54 EUR

2025-05-16 * TFL for Nima
    Expenses:GiftsCharity:Gifts           5.92 EUR
    Assets:UK:Revolut:Personal:EUR       -5.92 EUR

2025-05-16 * Uber Trip to Gare du Nord
    Expenses:Transportation:Taxi       15.96 EUR
    Liabilities:FR:Amex:Gold          -15.96 EUR

2025-05-16 * Padel court booking Canary Wharf
    Expenses:Entertainment:Social:Sports          80 GBP
    Liabilities:Payables:Iskander                -80 GBP

2025-05-16 * Cigarettes
    Expenses:Cigarettes                  17.30 GBP
    Liabilities:UK:Halifax:Clarity      -17.30 GBP

2025-05-16 * Waitrose
    Expenses:Food:Snack                      5 GBP
    Liabilities:UK:Halifax:Clarity          -5 GBP

2025-05-16 * Cigarettes
    Expenses:Cigarettes                  17.30 GBP
    Liabilities:UK:Halifax:Clarity      -17.30 GBP

2025-05-16 * Coffee
    Expenses:Food:Cafe                       4 GBP
    Liabilities:UK:Halifax:Clarity          -4 GBP

2025-05-16 * TFL
    Expenses:Transportation:PublicTransport        6.65 GBP
    Liabilities:UK:Halifax:Clarity                -6.65 GBP

2025-05-17 * HelloFresh
    Expenses:Food:Groceries                 32.54 EUR
    Assets:FR:BforBank:Compte-Courant      -32.54 EUR

2025-05-17 * Refund from Brera (drinks)
    Assets:UK:Revolut:Personal:GBP            7.50 GBP
    Expenses:Entertainment:Social:Bars       -7.50 GBP

2025-05-17 * TFL
    Expenses:Transportation:PublicTransport        5.80 GBP
    Assets:UK:Revolut:Personal:GBP                -5.80 GBP

2025-05-17 * Wahl Beard Trimmer
    Expenses:Shopping:Electronics      147.74 EUR
    Liabilities:FR:Amex:Gold          -147.74 EUR

2025-05-17 * Sainsbury's Groceries shopping
    Expenses:Food:Groceries              35.95 GBP
    Liabilities:UK:Halifax:Clarity      -35.95 GBP

2025-05-17 * Drinks The Miller Pub
    Expenses:Entertainment:Social:Bars       24.20 GBP
    Liabilities:UK:Halifax:Clarity          -24.20 GBP

2025-05-17 * TFL
    Expenses:Transportation:PublicTransport        5.80 GBP
    Liabilities:UK:Halifax:Clarity                -5.80 GBP

2025-05-18 * Taxi from Gare du Nord
    Expenses:Transportation:Taxi            20.60 EUR
    Assets:FR:BforBank:Compte-Courant      -20.60 EUR

2025-05-18 * ClassPass
    Expenses:Health:Gym                  18.09 EUR
    Assets:UK:Revolut:Personal:EUR      -18.09 EUR

2025-05-18 * TFL
    Expenses:Transportation:PublicTransport        7.94 EUR
    Assets:UK:Revolut:Personal:EUR                -7.94 EUR

2025-05-18 * Classpass fee
    Expenses:Health:Gym                      1 GBP
    Assets:UK:Revolut:Personal:GBP          -1 GBP

2025-05-18 * Cigarettes
    Expenses:Cigarettes                  17.90 GBP
    Liabilities:UK:Halifax:Clarity      -17.90 GBP

2025-05-18 * Coffee WatchHouse
    Expenses:Food:Cafe                   11.75 GBP
    Liabilities:UK:Halifax:Clarity      -11.75 GBP

2025-05-18 * Golden Grill and Fish with Isky
    Expenses:Food:FastFood               23.90 GBP
    Liabilities:UK:Halifax:Clarity      -23.90 GBP

2025-05-19 * Drinks with Aurelie
    Expenses:Entertainment:Social:Bars          20 EUR
    Assets:UK:Revolut:Personal:EUR             -20 EUR

2025-05-19 * Deliveroo
    Expenses:Food:Delivery         23.39 EUR
    Liabilities:FR:Amex:Gold      -23.39 EUR

2025-05-20 * Transfer to Revolut
    Assets:UK:Revolut:Personal:EUR            300 EUR
    Assets:FR:BforBank:Compte-Courant        -300 EUR

2025-05-20 * Cigarettes
    Expenses:Cigarettes                  13.20 EUR
    Assets:UK:Revolut:Personal:EUR      -13.20 EUR

2025-05-20 * Buy GBP with Revolut
    Assets:UK:Revolut:Personal:GBP    169.75 GBP @@ 202.42 EUR
    Equity:Conversion:EUR-GBP:GBP                  -169.75 GBP
    Equity:Conversion:EUR-GBP:EUR                   202.42 EUR
    Assets:UK:Revolut:Personal:EUR                 -202.42 EUR

2025-05-20 * Transfer GBP to Halifax Current Account
    Assets:UK:Halifax:Current-Account      169.75 GBP
    Assets:UK:Revolut:Personal:GBP        -169.75 GBP

2025-05-20 * Buy GBP with Revolut
    Assets:UK:Revolut:Personal:GBP    79.30 GBP @@ 94.58 EUR
    Equity:Conversion:EUR-GBP:GBP                 -79.30 GBP
    Equity:Conversion:EUR-GBP:EUR                  94.58 EUR
    Assets:UK:Revolut:Personal:EUR                -94.58 EUR

2025-05-20 * Settlement padel
    Liabilities:Payables:Iskander           80 GBP
    Assets:UK:Revolut:Personal:GBP         -80 GBP

2025-05-20 * Durum
    Expenses:Food:FastFood                  15 EUR
    Assets:UK:Revolut:Personal:EUR         -15 EUR

2025-05-20 * Settlement Halifax Clarity
    Liabilities:UK:Halifax:Clarity         169.75 GBP
    Assets:UK:Halifax:Current-Account     -169.75 GBP

2025-05-21 * Carrefour City groceries
    Expenses:Food:Groceries               5.32 EUR
    Assets:UK:Revolut:Personal:EUR       -5.32 EUR

2025-05-22 * Cigarettes
    Expenses:Cigarettes          13 EUR
    Assets:Cash:EUR             -13 EUR

2025-05-22 * Fisherman's Friend
    Expenses:Food:Snack        1.70 EUR
    Assets:Cash:EUR           -1.70 EUR

2025-05-22 * MS Therapy
    Expenses:PersonalCare:Discretionary         250 EUR
    Assets:Cash:EUR                            -250 EUR

2025-05-22 * Financier Kayser
    Expenses:Food:Snack        3.60 EUR
    Assets:Cash:EUR           -3.60 EUR

2025-05-22 * Cash withdrawal
    Assets:Cash:EUR                            20 EUR
    Assets:FR:BforBank:Compte-Courant         -20 EUR

2025-05-22 * Cash withdrawal
    Assets:Cash:EUR                           200 EUR
    Assets:FR:BforBank:Compte-Courant        -200 EUR

2025-05-22 * Cash withdrawal
    Assets:Cash:EUR                            50 EUR
    Assets:FR:BforBank:Compte-Courant         -50 EUR

2025-05-22 * Burrito Saint-Maur
    Expenses:Food:Groceries               8.50 EUR
    Assets:UK:Revolut:Personal:EUR       -8.50 EUR

2025-05-22 * Amazon order
    Expenses:Shopping              21.85 EUR
    Liabilities:FR:Amex:Gold      -21.85 EUR

2025-05-23 * Drinks with Aurelie
    Expenses:Entertainment:Social:Bars       17.50 EUR
    Assets:FR:BforBank:Compte-Courant       -17.50 EUR

2025-05-23 * Cash withdrawal
    Assets:Cash:EUR                           120 EUR
    Assets:FR:BforBank:Compte-Courant        -120 EUR

2025-05-23 * Cash withdrawal
    Assets:Cash:EUR                            20 EUR
    Assets:FR:BforBank:Compte-Courant         -20 EUR

2025-05-23 * SFR mobile phone
    Expenses:Home:Utilities:MobilePhone       12.06 EUR
    Assets:FR:BforBank:Compte-Courant        -12.06 EUR

2025-05-23 * Delivero fee
    Expenses:Food:OfficeLunch        2.22 EUR
    Liabilities:FR:Amex:Gold        -2.22 EUR

2025-05-23 * Padel court booking Sportfield
    Expenses:Entertainment:Social:Sports          50 EUR
    Liabilities:FR:Amex:Gold                     -50 EUR

2025-05-24 * Therapy
    Expenses:Health:Therapy         120 EUR
    Assets:Cash:EUR                -120 EUR

2025-05-24 * Croissant
    Expenses:Food:Snack        1.30 EUR
    Assets:Cash:EUR           -1.30 EUR

2025-05-24 * Cigarettes
    Expenses:Cigarettes          13 EUR
    Assets:Cash:EUR             -13 EUR

2025-05-24 * Ticket RER
    Expenses:Transportation:PublicTransport        2.50 EUR
    Assets:FR:BforBank:Compte-Courant             -2.50 EUR

2025-05-24 * Ticket RER
    Expenses:Transportation:PublicTransport        2.50 EUR
    Assets:UK:Revolut:Personal:EUR                -2.50 EUR

2025-05-24 * Paid a ticket for a stranger
    Expenses:Transportation:PublicTransport           5 EUR
    Assets:UK:Revolut:Personal:EUR                   -5 EUR
    Assets:Receivables                                5 EUR
    Expenses:Transportation:PublicTransport          -5 EUR
    Assets:Cash:EUR                                   5 EUR
    Assets:Receivables                               -5 EUR

2025-05-25 * Unaccounted cash expenses
    Expenses:Misc:Unaccounted        1.60 EUR
    Assets:Cash:EUR                 -1.60 EUR

2025-05-25 * Cigarettes
    Expenses:Cigarettes                        13 EUR
    Assets:FR:BforBank:Compte-Courant         -13 EUR

2025-05-25 * Beeminder fine
    Expenses:Subscriptions:Software        4.46 EUR
    Assets:UK:Revolut:Personal:EUR        -4.46 EUR

2025-05-25 * Beeminder fine
    Expenses:Subscriptions:Software        4.42 EUR
    Assets:UK:Revolut:Personal:EUR        -4.42 EUR

2025-05-25 * Uber
    Expenses:Transportation:Taxi       12.65 EUR
    Liabilities:FR:Amex:Gold          -12.65 EUR

2025-05-26 * Baguette
    Expenses:Food:Groceries        1.35 EUR
    Assets:Cash:EUR               -1.35 EUR

2025-05-26 * Cafe Nuances
    Expenses:Food:Cafe                          5 EUR
    Assets:FR:BforBank:Compte-Courant          -5 EUR

2025-05-26 * Kayser lunch
    Expenses:Food:OfficeLunch                  16 EUR
    Assets:FR:BforBank:Compte-Courant         -16 EUR

2025-05-27 * Cafe Nuances and pain au chocolat
    Expenses:Food:Cafe                       6.93 EUR
    Assets:FR:BforBank:Compte-Courant       -6.93 EUR

2025-05-27 * Cigarettes
    Expenses:Cigarettes                        13 EUR
    Assets:FR:BforBank:Compte-Courant         -13 EUR

2025-05-27 * Google Play Bomber
    Expenses:Subscriptions:Software          4.49 EUR
    Assets:FR:BforBank:Compte-Courant       -4.49 EUR

2025-05-27 * Deliveroo Cut
    Expenses:Food:OfficeLunch        7.13 EUR
    Liabilities:FR:Amex:Gold        -7.13 EUR

2025-05-27 * Hockney Louis Vuitton
    Expenses:Entertainment:Events          32 EUR
    Liabilities:FR:Amex:Gold              -32 EUR

2025-05-28 * Cafe Nuances
    Expenses:Food:Cafe                          9 EUR
    Assets:FR:BforBank:Compte-Courant          -9 EUR

2025-05-28 * Deliveroo Chlew
    Expenses:Food:OfficeLunch       17.60 EUR
    Liabilities:FR:Amex:Gold       -17.60 EUR

2025-05-28 * Vans
    Expenses:Shopping:Clothes       71.95 EUR
    Liabilities:FR:Amex:Gold       -71.95 EUR

2025-05-29 * Cigarettes
    Expenses:Cigarettes                        13 EUR
    Assets:FR:BforBank:Compte-Courant         -13 EUR

2025-05-29 * Carrefour City
    Expenses:Food:Groceries                  8.19 EUR
    Assets:FR:BforBank:Compte-Courant       -8.19 EUR

2025-05-29 * Book Patrice Jean
    Expenses:Entertainment:Reading:Books        8.90 EUR
    Assets:FR:BforBank:Compte-Courant          -8.90 EUR

2025-05-29 * Restaurant with Aurelie
    Expenses:Food:Restaurants               55.50 EUR
    Assets:FR:BforBank:Compte-Courant      -55.50 EUR

2025-05-29 * Cafe Gaia
    Expenses:Food:Cafe                 8 EUR
    Liabilities:FR:Amex:Gold          -8 EUR

2025-05-29 * Dott bike
    Expenses:Transportation:Bikesharing       10.85 EUR
    Liabilities:FR:Amex:Gold                 -10.85 EUR

2025-05-30 * Pain au chocolat
    Expenses:Food:Snack        1.50 EUR
    Assets:Cash:EUR           -1.50 EUR

2025-05-30 * Transfer to Revolut
    Assets:UK:Revolut:Personal:EUR            100 EUR
    Assets:FR:BforBank:Compte-Courant        -100 EUR

2025-05-30 * Taxi
    Expenses:Transportation:Taxi            17.10 EUR
    Assets:FR:BforBank:Compte-Courant      -17.10 EUR

2025-05-30 * Beeminder fine
    Expenses:Subscriptions:Software        4.43 EUR
    Assets:UK:Revolut:Personal:EUR        -4.43 EUR

2025-05-30 * Beeminder fine
    Expenses:Subscriptions:Software        4.43 EUR
    Assets:UK:Revolut:Personal:EUR        -4.43 EUR

2025-05-30 * Cigarettes
    Expenses:Cigarettes                     13 EUR
    Assets:UK:Revolut:Personal:EUR         -13 EUR

2025-05-30 * McDonald's
    Expenses:Food:FastFood               14.95 EUR
    Assets:UK:Revolut:Personal:EUR      -14.95 EUR

2025-05-30 * Euromillions
    Expenses:Entertainment                  10 EUR
    Assets:UK:Revolut:Personal:EUR         -10 EUR

2025-05-30 * Adidas shoes
    Expenses:Shopping:Clothes         140 EUR
    Liabilities:FR:Amex:Gold         -140 EUR

2025-05-31 * HelloFresh
    Expenses:Food:Groceries                 48.94 EUR
    Assets:FR:BforBank:Compte-Courant      -48.94 EUR

2025-05-31 * Beeminder fine
    Expenses:Subscriptions:Software        4.47 EUR
    Assets:UK:Revolut:Personal:EUR        -4.47 EUR

2025-06-01 * Rent Citeaux
    Expenses:Home:Rent                     1,330. EUR
    Assets:FR:BforBank:Compte-Courant     -1,330. EUR

2025-06-01 * Cafe Plage Touquet
    Expenses:Food:Cafe                    5.60 EUR
    Assets:UK:Revolut:Personal:EUR       -5.60 EUR

2025-06-01 * Padel rackets & balls rental
    Expenses:Entertainment:Social:Sports       18.50 EUR
    Assets:UK:Revolut:Personal:EUR            -18.50 EUR

2025-06-02 * Navigo
    Expenses:Transportation:PublicTransport       88.80 EUR
    Assets:FR:BforBank:Compte-Courant            -88.80 EUR

2025-06-02 * Cigarettes
    Expenses:Cigarettes                        13 EUR
    Assets:FR:BforBank:Compte-Courant         -13 EUR

2025-06-02 * Cafe Nuances
    Expenses:Food:Cafe                    4.50 EUR
    Assets:UK:Revolut:Personal:EUR       -4.50 EUR

2025-06-03 * 111 wage
    Assets:FR:BforBank:Compte-Courant     6,667.11 EUR
    Income:FR:111Capital:Salary          -6,667.11 EUR

2025-06-03 * Drinks with Aurelie La Place
    Expenses:Entertainment:Social:Bars       32.10 EUR
    Assets:FR:BforBank:Compte-Courant       -32.10 EUR

2025-06-03 * Pain au chocolat
    Expenses:Food:Snack                   1.70 EUR
    Assets:UK:Revolut:Personal:EUR       -1.70 EUR

2025-06-04 * Charity
    Expenses:GiftsCharity:Charity        0.35 EUR
    Assets:Cash:EUR                     -0.35 EUR

2025-06-04 * Cigarettes
    Expenses:Cigarettes                     13.20 EUR
    Assets:FR:BforBank:Compte-Courant      -13.20 EUR

2025-06-04 * Financier Kayser
    Expenses:Food:Snack                   3.60 EUR
    Assets:UK:Revolut:Personal:EUR       -3.60 EUR

2025-06-04 * Deliveroo Gourou
    Expenses:Food:Delivery         34.99 EUR
    Liabilities:FR:Amex:Gold      -34.99 EUR

2025-06-04 * Deliveroo fees
    Expenses:Food:OfficeLunch        1.90 EUR
    Liabilities:FR:Amex:Gold        -1.90 EUR

2025-06-05 * MacroFactor subscription
    Expenses:Subscriptions:Software         13.99 EUR
    Assets:FR:BforBank:Compte-Courant      -13.99 EUR

2025-06-05 * ChatGPT subscription for mum
    Expenses:GiftsCharity:Gifts             21.99 EUR
    Assets:FR:BforBank:Compte-Courant      -21.99 EUR

2025-06-05 * Restaurant Le Petit Verdot
    Expenses:Food:Restaurants       98.34 EUR
    Liabilities:FR:Amex:Gold       -98.34 EUR

2025-06-05 * R2 Training
    Expenses:Health:Gym              179 EUR
    Liabilities:FR:Amex:Gold        -179 EUR

2025-06-05 * Uber from Le Petit Verdot
    Expenses:Transportation:Taxi       25.94 EUR
    Liabilities:FR:Amex:Gold          -25.94 EUR

2025-06-06 * Cigarettes
    Expenses:Cigarettes                     13.20 EUR
    Assets:FR:BforBank:Compte-Courant      -13.20 EUR

2025-06-06 * Amex subscription
    Expenses:Finance:CreditCard          16 EUR
    Liabilities:FR:Amex:Gold            -16 EUR

2025-06-06 * Gift Henri Tour d'Ivoire
    Expenses:GiftsCharity:Gifts       11.90 EUR
    Liabilities:FR:Amex:Gold         -11.90 EUR

2025-06-07 * Pain au chocolat
    Expenses:Food:Snack        1.30 EUR
    Assets:Cash:EUR           -1.30 EUR

2025-06-07 * Therapy
    Expenses:Health:Therapy         120 EUR
    Assets:Cash:EUR                -120 EUR

2025-06-07 * Cigarettes
    Expenses:Cigarettes                        13 EUR
    Assets:FR:BforBank:Compte-Courant         -13 EUR

2025-06-07 * Carrefour City
    Expenses:Food:Groceries                  3.24 EUR
    Assets:FR:BforBank:Compte-Courant       -3.24 EUR

2025-06-07 * Cash withdrawal
    Assets:Cash:EUR                           120 EUR
    Assets:FR:BforBank:Compte-Courant        -120 EUR

2025-06-07 * Beeminder fine
    Expenses:Subscriptions:Software        4.45 EUR
    Assets:UK:Revolut:Personal:EUR        -4.45 EUR

2025-06-08 * Transfer
    Assets:FR:BoursoBank:Compte-Courant          20 EUR
    Assets:FR:BforBank:Compte-Courant           -20 EUR

2025-06-08 * Bomber game google play
    Expenses:Entertainment:Digital          14.99 EUR
    Assets:FR:BforBank:Compte-Courant      -14.99 EUR

2025-06-08 * Padel court booking Sportfield
    Expenses:Entertainment:Social:Sports          50 EUR
    Liabilities:FR:Amex:Gold                     -50 EUR

2025-06-08 * Jardin d'Acclimation games
    Expenses:Entertainment            18 EUR
    Liabilities:FR:Amex:Gold         -18 EUR

2025-06-09 * Cigarettes
    Expenses:Cigarettes          13 EUR
    Assets:Cash:EUR             -13 EUR

2025-06-09 * Hellofresh
    Expenses:Food:Groceries                 48.94 EUR
    Assets:FR:BforBank:Compte-Courant      -48.94 EUR

2025-06-09 * Cigarettes
    Expenses:Cigarettes                        13 EUR
    Assets:FR:BforBank:Compte-Courant         -13 EUR

2025-06-09 * Cigarettes
    Expenses:Cigarettes                        13 EUR
    Assets:FR:BforBank:Compte-Courant         -13 EUR

2025-06-09 * Beeminder fine
    Expenses:Subscriptions:Software        8.82 EUR
    Assets:UK:Revolut:Personal:EUR        -8.82 EUR

2025-06-09 * Deliveroo water bottles
    Expenses:Food:Groceries        10.27 EUR
    Liabilities:FR:Amex:Gold      -10.27 EUR

2025-06-09 * Deliveroo fees
    Expenses:Food:OfficeLunch        2.22 EUR
    Liabilities:FR:Amex:Gold        -2.22 EUR

2025-06-10 * Refund EDF
    Assets:FR:BforBank:Compte-Courant         80.39 EUR
    Expenses:Home:Utilities:Electricity      -80.39 EUR

2025-06-10 * Cafe Nuances with Iskander
    Expenses:Food:Cafe                      10.98 EUR
    Assets:FR:BforBank:Compte-Courant      -10.98 EUR

2025-06-10 * Beeminder fine
    Expenses:Subscriptions:Software        4.40 EUR
    Assets:UK:Revolut:Personal:EUR        -4.40 EUR

2025-06-11 * Cigarettes
    Expenses:Cigarettes                        13 EUR
    Assets:FR:BforBank:Compte-Courant         -13 EUR

2025-06-12 * Cigarettes
    Expenses:Cigarettes                        13 EUR
    Assets:FR:BforBank:Compte-Courant         -13 EUR

2025-06-12 * Fisherman's Friend
    Expenses:Food:Snack                         2 EUR
    Assets:FR:BforBank:Compte-Courant          -2 EUR

2025-06-12 * Carrefour City
    Expenses:Food:Groceries                  5.92 EUR
    Assets:FR:BforBank:Compte-Courant       -5.92 EUR

2025-06-13 * Amex Settlement
    Liabilities:FR:Amex:Gold              1,144.58 EUR
    Assets:FR:BforBank:Compte-Courant    -1,144.58 EUR

2025-06-13 * Revolut transfer
    Assets:UK:Revolut:Personal:EUR            100 EUR
    Assets:FR:BforBank:Compte-Courant        -100 EUR

2025-06-13 * Cafe Nuances with Symeon
    Expenses:Food:Cafe                          9 EUR
    Assets:FR:BforBank:Compte-Courant          -9 EUR

2025-06-13 * Lebara mobile
    Expenses:Home:Utilities:MobilePhone        5.90 EUR
    Assets:UK:Revolut:Personal:EUR            -5.90 EUR

2025-06-13 * Deliveroo Ice Cream
    Expenses:GiftsCharity:Gifts       30.49 EUR
    Liabilities:FR:Amex:Gold         -30.49 EUR

2025-06-14 * Therapy
    Expenses:Health:Therapy          60 EUR
    Assets:Cash:EUR                 -60 EUR

2025-06-14 * Hellofresh
    Expenses:Food:Groceries                 48.94 EUR
    Assets:FR:BforBank:Compte-Courant      -48.94 EUR

2025-06-14 * Hellofresh refund
    Assets:FR:BforBank:Compte-Courant       48.94 EUR
    Expenses:Food:Groceries                -48.94 EUR

2025-06-14 * Cafe and Pain au chocolat
    Expenses:Food:Cafe                    3.30 EUR
    Assets:UK:Revolut:Personal:EUR       -3.30 EUR

2025-06-14 * Ice Cream Creme Vincennes
    Expenses:Food:Snack                      4 EUR
    Assets:UK:Revolut:Personal:EUR          -4 EUR

2025-06-14 * Javey Bistrot
    Expenses:Entertainment:Social:Bars       15.50 EUR
    Assets:UK:Revolut:Personal:EUR          -15.50 EUR

2025-06-15 * Velib
    Expenses:Transportation:Bikesharing           4 EUR
    Assets:FR:BforBank:Compte-Courant            -4 EUR

2025-06-15 * Deliveroo Chez Antoine
    Expenses:Food:Delivery         18.81 EUR
    Liabilities:FR:Amex:Gold      -18.81 EUR

2025-06-16 * Baguette
    Expenses:Food:Groceries        1.35 EUR
    Assets:Cash:EUR               -1.35 EUR

2025-06-16 * Cigarettes
    Expenses:Cigarettes                        13 EUR
    Assets:FR:BforBank:Compte-Courant         -13 EUR

2025-06-16 * Cigarettes
    Expenses:Cigarettes                        13 EUR
    Assets:FR:BforBank:Compte-Courant         -13 EUR

2025-06-16 * Cash withdrawal
    Assets:Cash:EUR                            60 EUR
    Assets:FR:BforBank:Compte-Courant         -60 EUR

2025-06-16 * Cafe Nuances
    Expenses:Food:Cafe                       6.75 EUR
    Assets:FR:BforBank:Compte-Courant       -6.75 EUR

2025-06-16 * Cigarettes
    Expenses:Cigarettes                        13 EUR
    Assets:FR:BforBank:Compte-Courant         -13 EUR

2025-06-16 * Beeminder fine
    Expenses:Subscriptions:Software        4.34 EUR
    Assets:UK:Revolut:Personal:EUR        -4.34 EUR

2025-06-17 * Vinted sales
    Assets:FR:BforBank:Compte-Courant       77.25 EUR
    Income:Resale:Vinted                   -77.25 EUR

2025-06-17 * Dott bike to Vincennes
    Expenses:Transportation:Bikesharing       12.20 EUR
    Liabilities:FR:Amex:Gold                 -12.20 EUR

2025-06-18 * Cigarettes
    Expenses:Cigarettes                        13 EUR
    Assets:FR:BforBank:Compte-Courant         -13 EUR

2025-06-19 * Cigarettes
    Expenses:Cigarettes                        13 EUR
    Assets:FR:BforBank:Compte-Courant         -13 EUR

2025-06-19 * Drinks with Aurelie
    Expenses:Entertainment:Social:Bars          33 EUR
    Assets:UK:Revolut:Personal:EUR             -33 EUR

2025-06-20 * Game play store Head 2 Ball
    Expenses:Entertainment:Digital           7.99 EUR
    Assets:FR:BforBank:Compte-Courant       -7.99 EUR

2025-06-20 * Deliveroo fees
    Expenses:Food:OfficeLunch                  1.60 EUR
    Assets:FR:BoursoBank:Compte-Courant       -1.60 EUR

2025-06-20 * Cigarettes
    Expenses:Cigarettes                     13 EUR
    Assets:UK:Revolut:Personal:EUR         -13 EUR

2025-06-20 * Padel rackets & balls rental
    Expenses:Entertainment:Social:Sports           8 EUR
    Liabilities:FR:Amex:Gold                      -8 EUR

2025-06-20 * Deliveroo Five Guys
    Expenses:Food:OfficeLunch       11.48 EUR
    Liabilities:FR:Amex:Gold       -11.48 EUR

2025-06-20 * Exercise balls for Mum
    Expenses:GiftsCharity:Gifts       21.99 EUR
    Liabilities:FR:Amex:Gold         -21.99 EUR

2025-06-21 * Therapy
    Expenses:Health:Therapy          60 EUR
    Assets:Cash:EUR                 -60 EUR

2025-06-21 * Cigarettes
    Expenses:Cigarettes          13 EUR
    Assets:Cash:EUR             -13 EUR

2025-06-21 * Charity
    Expenses:GiftsCharity:Charity        0.20 EUR
    Assets:Cash:EUR                     -0.20 EUR

2025-06-21 * Cafe
    Expenses:Food:Cafe        1.40 EUR
    Assets:Cash:EUR          -1.40 EUR

2025-06-21 * Water bottles Carrefour City
    Expenses:Food:Groceries                  4 EUR
    Assets:UK:Revolut:Personal:EUR          -4 EUR

2025-06-21 * Dott bike pass
    Expenses:Transportation:Bikesharing        4.99 EUR
    Liabilities:FR:Amex:Gold                  -4.99 EUR

2025-06-22 * Hairdresser
    Expenses:PersonalCare:Hair          15 EUR
    Assets:Cash:EUR                    -15 EUR

2025-06-22 * Ice Cream
    Expenses:Food:Snack        4.50 EUR
    Assets:Cash:EUR           -4.50 EUR

2025-06-22 * Brunch Titi Palacio with Aurelie
    Expenses:Food:Restaurants                  76 EUR
    Assets:FR:BforBank:Compte-Courant         -76 EUR

2025-06-22 * Chalet du Lac
    Expenses:Entertainment:Events              70 EUR
    Assets:FR:BforBank:Compte-Courant         -70 EUR

2025-06-22 * Beeminder fine
    Expenses:Subscriptions:Software        4.40 EUR
    Assets:UK:Revolut:Personal:EUR        -4.40 EUR

2025-06-23 * Unaccounted cash expenses
    Expenses:Misc:Unaccounted        0.26 EUR
    Assets:Cash:EUR                 -0.26 EUR

2025-06-23 * Charity
    Expenses:GiftsCharity:Charity        0.50 EUR
    Assets:Cash:EUR                     -0.50 EUR

2025-06-23 * Cigarettes
    Expenses:Cigarettes                        13 EUR
    Assets:FR:BforBank:Compte-Courant         -13 EUR

2025-06-23 * Cash withdrawal
    Assets:Cash:EUR                            80 EUR
    Assets:FR:BforBank:Compte-Courant         -80 EUR

2025-06-23 * Taxi G7 to Padel
    Expenses:Transportation:Taxi            11.40 EUR
    Assets:FR:BforBank:Compte-Courant      -11.40 EUR

2025-06-23 * Beeminder fine
    Expenses:Subscriptions:Software       13.14 EUR
    Assets:UK:Revolut:Personal:EUR       -13.14 EUR

2025-06-23 * Cigarettes
    Expenses:Cigarettes                     13 EUR
    Assets:UK:Revolut:Personal:EUR         -13 EUR

2025-06-23 * Cafe Nuances
    Expenses:Food:Cafe                    6.75 EUR
    Assets:UK:Revolut:Personal:EUR       -6.75 EUR

2025-06-23 * Coin wallet Delfonics
    Expenses:Shopping                       16 EUR
    Assets:UK:Revolut:Personal:EUR         -16 EUR

2025-06-23 * Drinks with Isky
    Expenses:Entertainment:Social:Bars          18 EUR
    Assets:UK:Revolut:Personal:EUR             -18 EUR

2025-06-24 * Lunch Mister Garden
    Expenses:Food:OfficeLunch               15.10 EUR
    Assets:FR:BforBank:Compte-Courant      -15.10 EUR

2025-06-24 * Revolut transfer
    Assets:UK:Revolut:Personal:EUR            100 EUR
    Assets:FR:BforBank:Compte-Courant        -100 EUR

2025-06-24 * Cash withdrawal
    Assets:Cash:EUR                            20 EUR
    Assets:FR:BforBank:Compte-Courant         -20 EUR

2025-06-24 * Beeminder fine
    Expenses:Subscriptions:Software        4.34 EUR
    Assets:UK:Revolut:Personal:EUR        -4.34 EUR

2025-06-24 * Le Petit Panda
    Expenses:Food:OfficeLunch               11 EUR
    Assets:UK:Revolut:Personal:EUR         -11 EUR

2025-06-25 * Baguette and pain au chocolat
    Expenses:Food:Snack        2.75 EUR
    Assets:Cash:EUR           -2.75 EUR

2025-06-25 * Cigarettes
    Expenses:Cigarettes                        13 EUR
    Assets:FR:BforBank:Compte-Courant         -13 EUR

2025-06-25 * Fisherman's Friend
    Expenses:Food:Snack                      2.70 EUR
    Assets:FR:BforBank:Compte-Courant       -2.70 EUR

2025-06-25 * Game play store
    Expenses:Entertainment:Digital           0.99 EUR
    Assets:FR:BforBank:Compte-Courant       -0.99 EUR

2025-06-26 * SFR subscription
    Expenses:Home:Utilities:MobilePhone       11.99 EUR
    Assets:FR:BforBank:Compte-Courant        -11.99 EUR

2025-06-26 * Cigarettes
    Expenses:Cigarettes                        13 EUR
    Assets:FR:BforBank:Compte-Courant         -13 EUR

2025-06-26 * Cigarettes
    Expenses:Cigarettes                        13 EUR
    Assets:FR:BforBank:Compte-Courant         -13 EUR

2025-06-26 * Ifly Ulysse
    Expenses:GiftsCharity:Gifts            119.99 EUR
    Assets:FR:BforBank:Compte-Courant     -119.99 EUR

2025-06-26 * Lunch Kayser
    Expenses:Food:OfficeLunch                  16 EUR
    Assets:FR:BforBank:Compte-Courant         -16 EUR

2025-06-27 * Lunch Kayser
    Expenses:Food:OfficeLunch                  16 EUR
    Assets:FR:BforBank:Compte-Courant         -16 EUR

2025-06-27 * Cigarettes
    Expenses:Cigarettes                        13 EUR
    Assets:FR:BforBank:Compte-Courant         -13 EUR

2025-06-27 * Doowap Carrefour
    Expenses:Food:Snack                   3.24 EUR
    Assets:UK:Revolut:Personal:EUR       -3.24 EUR

2025-06-27 * Dott bike rental
    Expenses:Transportation:Bikesharing        1.75 EUR
    Liabilities:FR:Amex:Gold                  -1.75 EUR

2025-06-27 * Deliveroo
    Expenses:Food:FastFood         22.66 EUR
    Liabilities:FR:Amex:Gold      -22.66 EUR

2025-06-28 * Cigarettes
    Expenses:Cigarettes          13 EUR
    Assets:Cash:EUR             -13 EUR

2025-06-28 * Paname Comedy Club tickets
    Expenses:Entertainment:Events          30 EUR
    Assets:Cash:EUR                       -30 EUR

2025-06-28 * Add-on game Head 2 Ball
    Expenses:Entertainment:Digital           9.99 EUR
    Assets:FR:BforBank:Compte-Courant       -9.99 EUR

2025-06-28 * Cafe Nuances
    Expenses:Food:Cafe                      12.40 EUR
    Assets:FR:BforBank:Compte-Courant      -12.40 EUR

2025-06-28 * Carrefour city
    Expenses:Food:Groceries                 14.15 EUR
    Assets:FR:BforBank:Compte-Courant      -14.15 EUR

2025-06-28 * Cash withdrawal
    Assets:Cash:EUR                            60 EUR
    Assets:FR:BforBank:Compte-Courant         -60 EUR

2025-06-28 * The Gate VR
    Expenses:Entertainment:Events           69.80 EUR
    Assets:FR:BforBank:Compte-Courant      -69.80 EUR

2025-06-28 * Eat the Road burger Vilette
    Expenses:Food:FastFood                  26.89 EUR
    Assets:FR:BforBank:Compte-Courant      -26.89 EUR

2025-06-28 * Paname Comedy drinks
    Expenses:Entertainment:Social:Bars       12.60 EUR
    Assets:FR:BforBank:Compte-Courant       -12.60 EUR

2025-06-28 * Water VR
    Expenses:Food:Snack                      2.90 EUR
    Assets:FR:BforBank:Compte-Courant       -2.90 EUR

2025-06-28 * Paname Comedy drinks
    Expenses:Entertainment:Social:Bars        1.40 EUR
    Assets:FR:BforBank:Compte-Courant        -1.40 EUR

2025-06-28 * Pingwoo cafe vilette
    Expenses:Food:Cafe                       4.00 EUR
    Assets:FR:BforBank:Compte-Courant       -4.00 EUR

2025-06-28 * Beeminder fine
    Expenses:Subscriptions:Software        4.33 EUR
    Assets:UK:Revolut:Personal:EUR        -4.33 EUR

2025-06-28 * Lime bike rental
    Expenses:Transportation:Bikesharing       12.48 EUR
    Liabilities:FR:Amex:Gold                 -12.48 EUR

2025-06-28 * Lime bike rental
    Expenses:Transportation:Bikesharing        6.32 EUR
    Liabilities:FR:Amex:Gold                  -6.32 EUR

2025-06-28 * Dott bike rental
    Expenses:Transportation:Bikesharing       13.07 EUR
    Liabilities:FR:Amex:Gold                 -13.07 EUR

2025-06-28 * Dott bike rental
    Expenses:Transportation:Bikesharing        3.99 EUR
    Liabilities:FR:Amex:Gold                  -3.99 EUR

2025-06-28 * Dott bike rental
    Expenses:Transportation:Bikesharing        1.75 EUR
    Liabilities:FR:Amex:Gold                  -1.75 EUR

2025-06-28 * Water and snacks Relay GDL
    Expenses:Food:Snack             6.20 EUR
    Liabilities:FR:Amex:Gold       -6.20 EUR

2025-06-29 * Beeminder fine
    Expenses:Subscriptions:Software        4.29 EUR
    Assets:UK:Revolut:Personal:EUR        -4.29 EUR

2025-06-29 * Carrefour City
    Expenses:Food:Groceries               5.75 EUR
    Assets:UK:Revolut:Personal:EUR       -5.75 EUR

2025-06-29 * Car rental virtuo
    Expenses:Transportation:CarRental         282 EUR
    Liabilities:FR:Amex:Gold                 -282 EUR

2025-06-30 * Hellofresh
    Expenses:Food:Groceries                 33.94 EUR
    Assets:FR:BforBank:Compte-Courant      -33.94 EUR

2025-06-30 * Cigarettes
    Expenses:Cigarettes                        13 EUR
    Assets:FR:BforBank:Compte-Courant         -13 EUR

2025-06-30 * Carrefour City
    Expenses:Food:Groceries                  6.91 EUR
    Assets:FR:BforBank:Compte-Courant       -6.91 EUR

2025-06-30 * Moneyfarm valuation
    Assets:UK:Moneyfarm                         1,161.45 GBP = 49,386.71 GBP
    Equity:UnrealisedCapitalGains:Moneyfarm    -1,161.45 GBP

2025-07-01 * 111 Capital wage
    Assets:FR:BforBank:Compte-Courant     6,371.58 EUR
    Income:FR:111Capital:Salary          -6,371.58 EUR

2025-07-01 * Navigo
    Expenses:Transportation:PublicTransport       88.80 EUR
    Assets:FR:BforBank:Compte-Courant            -88.80 EUR

2025-07-01 * Cigarettes
    Expenses:Cigarettes                        13 EUR
    Assets:FR:BforBank:Compte-Courant         -13 EUR

2025-07-01 * Promesse de vente
    Equity:Capital:Huchon:Jean                550 EUR
    Assets:FR:BforBank:Compte-Courant        -550 EUR
    Equity:Capital:Huchon:Jean               -225 EUR
    Assets:Receivables:Aurelie                225 EUR

2025-07-01 * Carrefour City
    Expenses:Food:Groceries               2.77 EUR
    Assets:UK:Revolut:Personal:EUR       -2.77 EUR

2025-07-02 * Transfer Revolut
    Assets:UK:Revolut:Personal:EUR            200 EUR
    Assets:FR:BforBank:Compte-Courant        -200 EUR

2025-07-02 * Rent Citeaux
    Expenses:Home:Rent                     1,330. EUR
    Assets:FR:BforBank:Compte-Courant     -1,330. EUR

2025-07-02 * Cafe Nuances
    Expenses:Food:Cafe                    8.28 EUR
    Assets:UK:Revolut:Personal:EUR       -8.28 EUR

2025-07-02 * Cigarettes
    Expenses:Cigarettes                     13 EUR
    Assets:UK:Revolut:Personal:EUR         -13 EUR

2025-07-03 * ChatGPT subscription for mum
    Expenses:GiftsCharity:Gifts             21.99 EUR
    Assets:FR:BforBank:Compte-Courant      -21.99 EUR

2025-07-03 * Deliveroo Fee
    Expenses:Food:OfficeLunch                  2.15 EUR
    Assets:FR:BoursoBank:Compte-Courant       -2.15 EUR

2025-07-03 * Blend burger
    Expenses:Food:OfficeLunch            13.30 EUR
    Assets:UK:Revolut:Personal:EUR      -13.30 EUR

2025-07-03 * Drinks with Aurelie
    Expenses:Entertainment:Social:Bars       17.50 EUR
    Assets:UK:Revolut:Personal:EUR          -17.50 EUR

2025-07-03 * Cigarettes
    Expenses:Cigarettes                     13 EUR
    Assets:UK:Revolut:Personal:EUR         -13 EUR

2025-07-04 * Therapy
    Expenses:Health:Therapy         120 EUR
    Assets:Cash:EUR                -120 EUR

2025-07-04 * Charity
    Expenses:GiftsCharity:Charity        0.50 EUR
    Assets:Cash:EUR                     -0.50 EUR

2025-07-04 * MS Therapy
    Expenses:PersonalCare:Discretionary         200 EUR
    Assets:Cash:EUR                            -200 EUR

2025-07-05 * Cash withdrawal
    Assets:Cash:EUR                           150 EUR
    Assets:FR:BforBank:Compte-Courant        -150 EUR

2025-07-05 * Durum
    Expenses:Food:FastFood                     11 EUR
    Assets:FR:BforBank:Compte-Courant         -11 EUR

2025-07-05 * MacroFactor
    Expenses:Subscriptions:Software         13.99 EUR
    Assets:FR:BforBank:Compte-Courant      -13.99 EUR

2025-07-05 * Cash withdrawal
    Assets:Cash:EUR                            50 EUR
    Assets:FR:BforBank:Compte-Courant         -50 EUR

2025-07-05 * Cash withdrawal
    Assets:Cash:EUR                           120 EUR
    Assets:FR:BforBank:Compte-Courant        -120 EUR

2025-07-05 * Cigarettes
    Expenses:Cigarettes                        13 EUR
    Assets:FR:BforBank:Compte-Courant         -13 EUR

2025-07-05 * Kayser gare de lyon
    Expenses:Food:Snack                  10.60 EUR
    Assets:UK:Revolut:Personal:EUR      -10.60 EUR

2025-07-05 * R2 Training
    Expenses:Health:Gym              179 EUR
    Liabilities:FR:Amex:Gold        -179 EUR

2025-07-06 * Cigarettes
    Expenses:Cigarettes       10.80 EUR
    Assets:Cash:EUR          -10.80 EUR

2025-07-06 * Fuel car rental
    Expenses:Transportation:CarRental       43.37 EUR
    Assets:FR:BforBank:Compte-Courant      -43.37 EUR

2025-07-06 * Coca Chateau De la Borde
    Expenses:Food:Snack                      6 EUR
    Assets:UK:Revolut:Personal:EUR          -6 EUR

2025-07-06 * Snack shell petrol station
    Expenses:Food:Snack                  10.80 EUR
    Assets:UK:Revolut:Personal:EUR      -10.80 EUR

2025-07-06 * Amex subscription
    Expenses:Finance:CreditCard          16 EUR
    Liabilities:FR:Amex:Gold            -16 EUR

2025-07-06 * Virtuo fuel fine
    Expenses:Transportation:CarRental       47.35 EUR
    Liabilities:FR:Amex:Gold               -47.35 EUR

2025-07-06 * Deliveroo Chez Antoine
    Expenses:Food:Delivery         26.89 EUR
    Liabilities:FR:Amex:Gold      -26.89 EUR

2025-07-06 * Florent share Virtuo
    Assets:Receivables                        102 EUR
    Expenses:Transportation:CarRental        -102 EUR
    Assets:FR:BforBank:Compte-Courant         102 EUR
    Assets:Receivables                       -102 EUR

2025-07-07 * Beeminder fine
    Expenses:Subscriptions:Software        4.27 EUR
    Assets:UK:Revolut:Personal:EUR        -4.27 EUR

2025-07-07 * Cigarettes
    Expenses:Cigarettes                     13 EUR
    Assets:UK:Revolut:Personal:EUR         -13 EUR

2025-07-07 * Fisherman's Friend
    Expenses:Food:Snack                   2.20 EUR
    Assets:UK:Revolut:Personal:EUR       -2.20 EUR

2025-07-07 * ChatGPT subscription
    Expenses:Subscriptions:Software       19.17 EUR
    Assets:UK:Revolut:Personal:EUR       -19.17 EUR

2025-07-08 * Vinci autoroutes
    Expenses:Transportation:CarRental        8.60 EUR
    Assets:FR:BforBank:Compte-Courant       -8.60 EUR

2025-07-08 * HelloFresh
    Expenses:Food:Groceries                 38.94 EUR
    Assets:FR:BforBank:Compte-Courant      -38.94 EUR

2025-07-08 * Deliveroo Fee
    Expenses:Food:OfficeLunch                  2.15 EUR
    Assets:FR:BoursoBank:Compte-Courant       -2.15 EUR

2025-07-08 * Cafe Nuances
    Expenses:Food:Cafe                    4.50 EUR
    Assets:UK:Revolut:Personal:EUR       -4.50 EUR

2025-07-08 * La Creme de Paris crepe
    Expenses:Food:Snack                      5 EUR
    Assets:UK:Revolut:Personal:EUR          -5 EUR

2025-07-08 * Cigarettes
    Expenses:Cigarettes                     13 EUR
    Assets:UK:Revolut:Personal:EUR         -13 EUR

2025-07-09 * Amex Settlement
    Liabilities:FR:Amex:Gold               818.86 EUR
    Assets:FR:BforBank:Compte-Courant     -818.86 EUR

2025-07-09 * Snack Relay
    Expenses:Food:Snack                   5.10 EUR
    Assets:UK:Revolut:Personal:EUR       -5.10 EUR

2025-07-09 * Carrefour City
    Expenses:Food:Groceries               3.05 EUR
    Assets:UK:Revolut:Personal:EUR       -3.05 EUR

2025-07-09 * Cooking hob for mum
    Expenses:Home:Furniture         1,412.12 EUR
    Liabilities:FR:Amex:Gold       -1,412.12 EUR
    Assets:Receivables:Iskander       1,412. EUR
    Expenses:Home:Furniture          -1,412. EUR

2025-07-10 * Google Play Head 2 Ball
    Expenses:Entertainment:Digital           1.99 EUR
    Assets:FR:BforBank:Compte-Courant       -1.99 EUR

2025-07-10 * Cafe Nuances
    Expenses:Food:Cafe                    8.55 EUR
    Assets:UK:Revolut:Personal:EUR       -8.55 EUR

2025-07-10 * Isky's settlement for cooking hob
    Assets:UK:Revolut:Personal:EUR      1,412. EUR
    Assets:Receivables:Iskander        -1,412. EUR

2025-07-10 * Cigarettes
    Expenses:Cigarettes                     13 EUR
    Assets:UK:Revolut:Personal:EUR         -13 EUR

2025-07-10 * Taxi to Therapist
    Expenses:Transportation:Taxi            26 EUR
    Assets:UK:Revolut:Personal:EUR         -26 EUR

2025-07-11 * Le Transistor bar with Julien
    Expenses:Entertainment:Social:Bars       28.45 EUR
    Assets:FR:BforBank:Compte-Courant       -28.45 EUR

2025-07-11 * Cigarettes
    Expenses:Cigarettes                     13 EUR
    Assets:UK:Revolut:Personal:EUR         -13 EUR

2025-07-11 * Uber to Gare du Nord
    Expenses:Transportation:Taxi       18.97 EUR
    Liabilities:FR:Amex:Gold          -18.97 EUR

2025-07-11 * Champagne gift
    Expenses:GiftsCharity:Gifts          38 EUR
    Liabilities:FR:Amex:Gold            -38 EUR

2025-07-12 * Casino Touquet
    Expenses:Entertainment         100 EUR
    Assets:Cash:EUR               -100 EUR

2025-07-12 * Gift wedding anniversary Henri
    Expenses:GiftsCharity:Gifts               150 EUR
    Assets:FR:BforBank:Compte-Courant        -150 EUR

2025-07-12 * Cash withdrawal
    Assets:Cash:EUR                           100 EUR
    Assets:FR:BforBank:Compte-Courant        -100 EUR

2025-07-12 * Beeminder fine
    Expenses:Subscriptions:Software        4.34 EUR
    Assets:UK:Revolut:Personal:EUR        -4.34 EUR

2025-07-12 * Cigarettes
    Expenses:Cigarettes                     13 EUR
    Assets:UK:Revolut:Personal:EUR         -13 EUR

2025-07-13 * Lighter
    Expenses:Cigarettes        1.50 EUR
    Assets:Cash:EUR           -1.50 EUR

2025-07-13 * Beeminder fine
    Expenses:Subscriptions:Software        4.34 EUR
    Assets:UK:Revolut:Personal:EUR        -4.34 EUR

2025-07-13 * Beeminder fine
    Expenses:Subscriptions:Software        4.34 EUR
    Assets:UK:Revolut:Personal:EUR        -4.34 EUR

2025-07-13 * Lebara mobile
    Expenses:Home:Utilities:MobilePhone        5.86 EUR
    Assets:UK:Revolut:Personal:EUR            -5.86 EUR

2025-07-13 * Cafe with Aurelie
    Expenses:Food:Cafe                    7.50 EUR
    Assets:UK:Revolut:Personal:EUR       -7.50 EUR

2025-07-13 * Cafe Touquet plage
    Expenses:Food:Cafe                    5.60 EUR
    Assets:UK:Revolut:Personal:EUR       -5.60 EUR

2025-07-13 * Bonbons Touquet
    Expenses:Food:Snack                   6.33 EUR
    Assets:UK:Revolut:Personal:EUR       -6.33 EUR

2025-07-14 * Velib
    Expenses:Transportation:Bikesharing           6 EUR
    Assets:FR:BforBank:Compte-Courant            -6 EUR

2025-07-14 * Cigarettes
    Expenses:Cigarettes                  12.50 EUR
    Assets:UK:Revolut:Personal:EUR      -12.50 EUR

2025-07-14 * Deliveroo McDonald's
    Expenses:Food:Delivery         29.79 EUR
    Liabilities:FR:Amex:Gold      -29.79 EUR

2025-07-15 * EDF subscription
    Expenses:Home:Utilities:Electricity       52.69 EUR
    Assets:FR:BforBank:Compte-Courant        -52.69 EUR

2025-07-15 * Financier Kayser
    Expenses:Food:Snack                   3.60 EUR
    Assets:UK:Revolut:Personal:EUR       -3.60 EUR

2025-07-16 * Cigarettes
    Expenses:Cigarettes                        13 EUR
    Assets:FR:BforBank:Compte-Courant         -13 EUR

2025-07-16 * Deliveroo Fee
    Expenses:Food:OfficeLunch                  2.15 EUR
    Assets:FR:BoursoBank:Compte-Courant       -2.15 EUR

2025-07-17 * Cigarettes
    Expenses:Cigarettes          13 EUR
    Assets:Cash:EUR             -13 EUR

2025-07-17 * Beeminder fine
    Expenses:Subscriptions:Software        4.32 EUR
    Assets:UK:Revolut:Personal:EUR        -4.32 EUR

2025-07-17 * Cafe Boulangerie Ounissi
    Expenses:Food:Cafe                    6.30 EUR
    Assets:UK:Revolut:Personal:EUR       -6.30 EUR

2025-07-17 * Julot Lunch Isky GBP
    Expenses:Food:OfficeLunch            17.43 EUR
    Assets:UK:Revolut:Personal:EUR      -17.43 EUR

2025-07-18 * Durum
    Expenses:Food:FastFood                      9 EUR
    Assets:FR:BforBank:Compte-Courant          -9 EUR

2025-07-18 * Google Play Head 2 Ball
    Expenses:Entertainment:Digital          19.99 EUR
    Assets:FR:BforBank:Compte-Courant      -19.99 EUR

2025-07-18 * Cash withdrawal
    Assets:Cash:EUR                            20 EUR
    Assets:FR:BforBank:Compte-Courant         -20 EUR

2025-07-19 * Cafe pain au chocolat
    Expenses:Food:Snack        2.80 EUR
    Assets:Cash:EUR           -2.80 EUR

2025-07-19 * Therapy
    Expenses:Health:Therapy         120 EUR
    Assets:Cash:EUR                -120 EUR

2025-07-19 * Drinks with Aurelie
    Expenses:Entertainment:Social:Bars       19.50 EUR  ; 2025-07-18
    Assets:FR:BforBank:Compte-Courant       -19.50 EUR

2025-07-19 * Drinks with Aurelie
    Expenses:Entertainment:Social:Bars       12.00 EUR  ; 2025-07-18
    Assets:FR:BforBank:Compte-Courant       -12.00 EUR

2025-07-19 * Cash withdrawal
    Assets:Cash:EUR                            70 EUR
    Assets:FR:BforBank:Compte-Courant         -70 EUR

2025-07-19 * Cash withdrawal
    Assets:Cash:EUR                            60 EUR
    Assets:FR:BforBank:Compte-Courant         -60 EUR

2025-07-19 * Restaurant Jamrock Aurelie
    Expenses:Food:Restaurants       56.70 EUR
    Liabilities:FR:Amex:Gold       -56.70 EUR

2025-07-19 * Deliveroo Pizzou
    Expenses:Food:Delivery                  27.39 EUR
    Liabilities:FR:Amex:Gold               -27.39 EUR
    Assets:Receivables:Aurelie                 27 EUR
    Expenses:Food:Delivery                    -27 EUR
    Assets:FR:BforBank:Compte-Courant          27 EUR
    Assets:Receivables:Aurelie                -27 EUR

2025-07-20 * Cigarettes
    Expenses:Cigarettes                        13 EUR
    Assets:FR:BforBank:Compte-Courant         -13 EUR

2025-07-20 * Haribo's
    Expenses:Food:Snack                         1 EUR
    Assets:FR:BforBank:Compte-Courant          -1 EUR

2025-07-20 * Cigarettes
    Expenses:Cigarettes                        13 EUR
    Assets:FR:BforBank:Compte-Courant         -13 EUR

2025-07-20 * Beeminder fine
    Expenses:Subscriptions:Software        4.36 EUR
    Assets:UK:Revolut:Personal:EUR        -4.36 EUR

2025-07-21 * Hairdresser
    Expenses:PersonalCare:Hair          22 EUR
    Assets:Cash:EUR                    -22 EUR

2025-07-21 * Baguette Vincennes
    Expenses:Food:Groceries        1.35 EUR
    Assets:Cash:EUR               -1.35 EUR

2025-07-21 * Cigarettes
    Expenses:Cigarettes                        13 EUR
    Assets:FR:BforBank:Compte-Courant         -13 EUR

2025-07-21 * HelloFresh
    Expenses:Food:Groceries                 48.94 EUR
    Assets:FR:BforBank:Compte-Courant      -48.94 EUR

2025-07-21 * Transfer Livret A
    Assets:FR:BforBank:Compte-Courant     22,940. EUR
    Assets:FR:BforBank:LivretA           -22,940. EUR

2025-07-21 * Deposit flat Vincennes
    Equity:Capital:Huchon:Jean            32,500. EUR
    Assets:FR:BforBank:Compte-Courant    -32,500. EUR

2025-07-21 * Carrefour City Doowap
    Expenses:Food:Snack                   3.13 EUR
    Assets:UK:Revolut:Personal:EUR       -3.13 EUR

2025-07-22 * Cash witdrawal
    Assets:Cash:EUR                            30 EUR
    Assets:FR:BforBank:Compte-Courant         -30 EUR

2025-07-22 * Cigarettes
    Expenses:Cigarettes                     13 EUR
    Assets:UK:Revolut:Personal:EUR         -13 EUR

2025-07-22 * Cafe Nuances
    Expenses:Food:Cafe                       5 EUR
    Assets:UK:Revolut:Personal:EUR          -5 EUR

2025-07-23 * Cigarettes
    Expenses:Cigarettes                     13 EUR
    Assets:UK:Revolut:Personal:EUR         -13 EUR

2025-07-23 * Dott pass
    Expenses:Transportation:Bikesharing        4.99 EUR
    Liabilities:FR:Amex:Gold                  -4.99 EUR

2025-07-23 * Dott ride
    Expenses:Transportation:Bikesharing        1.75 EUR
    Liabilities:FR:Amex:Gold                  -1.75 EUR

2025-07-23 * Dott ride
    Expenses:Transportation:Bikesharing        1.75 EUR
    Liabilities:FR:Amex:Gold                  -1.75 EUR

2025-07-24 * Cigarettes
    Expenses:Cigarettes                     13 EUR
    Assets:UK:Revolut:Personal:EUR         -13 EUR

2025-07-25 * Cigarettes
    Expenses:Cigarettes          13 EUR
    Assets:Cash:EUR             -13 EUR

2025-07-25 * Pain au chocolat
    Expenses:Food:Snack        1.30 EUR
    Assets:Cash:EUR           -1.30 EUR

2025-07-25 * SFR
    Expenses:Home:Utilities:MobilePhone       11.99 EUR
    Assets:FR:BforBank:Compte-Courant        -11.99 EUR

2025-07-25 * Cigarettes
    Expenses:Cigarettes                     13 EUR
    Assets:UK:Revolut:Personal:EUR         -13 EUR

2025-07-25 * Fisherman's Friend
    Expenses:Food:Snack                   2.50 EUR
    Assets:UK:Revolut:Personal:EUR       -2.50 EUR

2025-07-26 * Drinks Le Drapeau Vincennes
    Expenses:Entertainment:Social:Bars       40.40 EUR  ; 2025-07-25
    Assets:FR:BforBank:Compte-Courant       -40.40 EUR

2025-07-26 * Cigarettes
    Expenses:Cigarettes                     13 EUR
    Assets:UK:Revolut:Personal:EUR         -13 EUR

2025-07-26 * Le Voltigeur Aurelie Isky
    Expenses:Entertainment:Social:Bars       50.60 EUR
    Assets:UK:Revolut:Personal:EUR          -50.60 EUR

2025-07-27 * Cigarettes
    Expenses:Cigarettes                     13 EUR
    Assets:UK:Revolut:Personal:EUR         -13 EUR

2025-07-27 * Bar Florent
    Expenses:Entertainment:Social:Bars       20.40 EUR
    Assets:UK:Revolut:Personal:EUR          -20.40 EUR

2025-07-28 * Cigarettes
    Expenses:Cigarettes                     13 EUR
    Assets:UK:Revolut:Personal:EUR         -13 EUR

2025-07-29 * MS Therapy
    Expenses:PersonalCare:Discretionary         250 EUR
    Assets:Cash:EUR                            -250 EUR

2025-07-29 * Cigarettes
    Expenses:Cigarettes          13 EUR
    Assets:Cash:EUR             -13 EUR

2025-07-29 * Cash withdrawal
    Assets:Cash:EUR                           250 EUR
    Assets:FR:BforBank:Compte-Courant        -250 EUR

2025-07-29 * Transfer
    Assets:FR:BforBank:Compte-Courant      1,100. EUR
    Assets:UK:Revolut:Personal:EUR        -1,100. EUR

2025-07-30 * Google Play Head 2 Ball
    Expenses:Entertainment:Digital           1.99 EUR
    Assets:FR:BforBank:Compte-Courant       -1.99 EUR

2025-07-30 * Lunch Kayser
    Expenses:Food:OfficeLunch               15.90 EUR
    Assets:FR:BforBank:Compte-Courant      -15.90 EUR

2025-07-31 * Dessert Cojean
    Expenses:Food:OfficeLunch                5.30 EUR
    Assets:FR:BforBank:Compte-Courant       -5.30 EUR

2025-07-31 * Bistropolis Office Lunch
    Expenses:Food:OfficeLunch               15.90 EUR
    Assets:FR:BforBank:Compte-Courant      -15.90 EUR

2025-07-31 * Google Play Head 2 Ball
    Expenses:Entertainment:Digital           6.99 EUR
    Assets:FR:BforBank:Compte-Courant       -6.99 EUR

2025-07-31 * Google Play Head 2 Ball
    Expenses:Entertainment:Digital           5.99 EUR
    Assets:FR:BforBank:Compte-Courant       -5.99 EUR

2025-07-31 * Beeminder fine
    Expenses:Subscriptions:Software        4.40 EUR
    Assets:UK:Revolut:Personal:EUR        -4.40 EUR

2025-07-31 * Dott ride
    Expenses:Transportation:Bikesharing        1.75 EUR
    Liabilities:FR:Amex:Gold                  -1.75 EUR

2025-08-01 * 111 Capital wage
    Assets:FR:BforBank:Compte-Courant     6,371.58 EUR
    Income:FR:111Capital:Salary          -6,371.58 EUR

2025-08-01 * Restaurant Le Griffonnier Arnaud
    Expenses:Food:Restaurants                 113 EUR
    Assets:FR:BforBank:Compte-Courant        -113 EUR

2025-08-01 * Cigarettes
    Expenses:Cigarettes                        13 EUR
    Assets:FR:BforBank:Compte-Courant         -13 EUR

2025-08-02 * Rent Citeaux
    Expenses:Home:Rent                     1,330. EUR
    Assets:FR:BforBank:Compte-Courant     -1,330. EUR

2025-08-02 * Cigarettes
    Expenses:Cigarettes                        13 EUR
    Assets:FR:BforBank:Compte-Courant         -13 EUR

2025-08-02 * Cafe
    Expenses:Food:Cafe                       2.10 EUR
    Assets:FR:BforBank:Compte-Courant       -2.10 EUR

2025-08-02 * Navigo
    Expenses:Transportation:PublicTransport       88.80 EUR
    Assets:FR:BforBank:Compte-Courant            -88.80 EUR

2025-08-02 * Cafe Gaia
    Expenses:Food:Cafe                       4.50 EUR
    Assets:FR:BforBank:Compte-Courant       -4.50 EUR

2025-08-02 * Velib annual subscription
    Expenses:Transportation:Bikesharing       37.20 EUR
    Liabilities:FR:Amex:Gold                 -37.20 EUR

2025-08-02 * Paoloa restaurant Vincennes
    Expenses:Food:Restaurants          42 EUR
    Liabilities:FR:Amex:Gold          -42 EUR

2025-08-03 * Clinique Drouot Consultation
    Expenses:Health:Doctor                    100 EUR
    Assets:FR:BforBank:Compte-Courant        -100 EUR

2025-08-03 * Cafe Montreuil and Banana bread
    Expenses:Food:Cafe                      16.80 EUR
    Assets:FR:BforBank:Compte-Courant      -16.80 EUR

2025-08-03 * Cigarettes
    Expenses:Cigarettes                        13 EUR
    Assets:FR:BforBank:Compte-Courant         -13 EUR

2025-08-03 * Beeminder fine
    Expenses:Subscriptions:Software        4.40 EUR
    Assets:UK:Revolut:Personal:EUR        -4.40 EUR

2025-08-03 * Flights Athens
    Expenses:Travel:Flights         1,148. EUR
    Liabilities:FR:Amex:Gold       -1,148. EUR
    Assets:Receivables:Aurelie         574 EUR
    Expenses:Travel:Flights           -574 EUR

2025-08-03 * Car rental Greece
    Expenses:Transportation:CarRental      168.49 EUR
    Liabilities:FR:Amex:Gold              -168.49 EUR
    Assets:Receivables:Aurelie              84.25 EUR
    Expenses:Transportation:CarRental      -84.25 EUR

2025-08-03 * Ferries Greece
    Expenses:Travel:Holidays        387.10 EUR
    Liabilities:FR:Amex:Gold       -387.10 EUR
    Assets:Receivables:Aurelie      193.55 EUR
    Expenses:Travel:Holidays       -193.55 EUR

2025-08-03 * Franprix
    Expenses:Food:Groceries         9.62 EUR
    Liabilities:FR:Amex:Gold       -9.62 EUR

2025-08-03 * Hotel Skiatos
    Expenses:Travel:Holidays:Accommodation      141.80 EUR
    Liabilities:Payables:Aurelie               -141.80 EUR

2025-08-03 * Refund Aurelie
    Assets:FR:BforBank:Compte-Courant      1,145. EUR
    Assets:Receivables:Aurelie            -1,145. EUR

2025-08-04 * Ice Cream Creme Vincennes
    Expenses:Food:Snack                         4 EUR
    Assets:FR:BforBank:Compte-Courant          -4 EUR

2025-08-04 * HelloFresh
    Expenses:Food:Groceries                 48.94 EUR
    Assets:FR:BforBank:Compte-Courant      -48.94 EUR

2025-08-04 * Urban Bakery Vincennes
    Expenses:Food:Groceries                  4.80 EUR
    Assets:FR:BforBank:Compte-Courant       -4.80 EUR

2025-08-04 * Cafe Vincennes Le Marigny
    Expenses:Food:Cafe                          5 EUR
    Assets:FR:BforBank:Compte-Courant          -5 EUR

2025-08-04 * Tennis court booking Paris Tennis with Aurelie
    Expenses:Health:Sport:Tennis               12 EUR
    Assets:FR:BforBank:Compte-Courant         -12 EUR

2025-08-04 * Trousers Dry-Cleaning
    Expenses:PersonalCare:Laundry            8 EUR
    Assets:UK:Revolut:Personal:EUR          -8 EUR

2025-08-04 * Airbnb Greece
    Expenses:Travel:Holidays:Accommodation         420 EUR
    Liabilities:FR:Amex:Gold                      -420 EUR
    Assets:Receivables:Aurelie                     210 EUR
    Expenses:Travel:Holidays:Accommodation        -210 EUR

2025-08-05 * Cigarettes
    Expenses:Cigarettes          13 EUR
    Assets:Cash:EUR             -13 EUR

2025-08-05 * Baguette
    Expenses:Food:Groceries        1.35 EUR
    Assets:Cash:EUR               -1.35 EUR

2025-08-05 * MacroFactor subscription
    Expenses:Subscriptions:Software         13.99 EUR
    Assets:FR:BforBank:Compte-Courant      -13.99 EUR

2025-08-05 * ChatGPT subscription for mum
    Expenses:GiftsCharity:Gifts             21.99 EUR
    Assets:FR:BforBank:Compte-Courant      -21.99 EUR

2025-08-05 * Cash withdrawal
    Assets:Cash:EUR                            20 EUR
    Assets:FR:BforBank:Compte-Courant         -20 EUR

2025-08-05 * MRI Knee
    Expenses:Health:Doctor                    225 EUR
    Assets:FR:BforBank:Compte-Courant        -225 EUR

2025-08-05 * Drinks with Aurelie
    Expenses:Entertainment:Social:Bars          13 EUR
    Assets:UK:Revolut:Personal:EUR             -13 EUR

2025-08-05 * R2 Training
    Expenses:Health:Gym              179 EUR
    Liabilities:FR:Amex:Gold        -179 EUR

2025-08-05 * Settlement with Aurelie
    Liabilities:Payables:Aurelie      141.80 EUR
    Assets:Receivables:Aurelie       -141.80 EUR

2025-08-06 * Cigarettes
    Expenses:Cigarettes                        13 EUR
    Assets:FR:BforBank:Compte-Courant         -13 EUR

2025-08-06 * Cafe Nuances
    Expenses:Food:Cafe                       6.93 EUR
    Assets:FR:BforBank:Compte-Courant       -6.93 EUR

2025-08-06 * Revolut transfer
    Assets:UK:Revolut:Personal:EUR            100 EUR
    Assets:FR:BforBank:Compte-Courant        -100 EUR

2025-08-06 * GP consultation
    Expenses:Health:Doctor                      9 EUR
    Assets:FR:BforBank:Compte-Courant          -9 EUR

2025-08-06 * Cigarettes
    Expenses:Cigarettes                     13 EUR
    Assets:UK:Revolut:Personal:EUR         -13 EUR

2025-08-06 * Amex subscription
    Expenses:Finance:CreditCard          16 EUR
    Liabilities:FR:Amex:Gold            -16 EUR

2025-08-06 * RATP
    Expenses:Transportation:PublicTransport        2.18 GBP
    Liabilities:UK:Halifax:Clarity                -2.18 GBP

2025-08-07 * Refund MRI Knee Private Health Insurance
    Assets:FR:BforBank:Compte-Courant      181.72 EUR
    Expenses:Health:Doctor                -181.72 EUR

2025-08-07 * Beeminder
    Expenses:Subscriptions:Software        4.31 EUR
    Assets:UK:Revolut:Personal:EUR        -4.31 EUR

2025-08-07 * Cigarettes
    Expenses:Cigarettes                     13 EUR
    Assets:UK:Revolut:Personal:EUR         -13 EUR

2025-08-07 * Cafe Nuances
    Expenses:Food:Cafe                    7.86 GBP
    Liabilities:UK:Halifax:Clarity       -7.86 GBP

2025-08-07 * RATP
    Expenses:Transportation:PublicTransport        2.18 GBP
    Liabilities:UK:Halifax:Clarity                -2.18 GBP

2025-08-07 * Moneyfarm valuation  ; ; net left after liquidating portfolio
    Assets:UK:Moneyfarm                         1,030.65 GBP = 50,417.36 GBP
    Equity:UnrealisedCapitalGains:Moneyfarm    -1,030.65 GBP

2025-08-07 * Liquidation of Moneyfarm portfolio
    Equity:UnrealisedCapitalGains:Moneyfarm     6,376.06 GBP = 0 GBP
    Income:CapitalGains:Moneyfarm              -6,376.06 GBP

2025-08-07 * Liquidation of Moneyfarm portfolio
    Assets:UK:HSBC:Current-Account     50,415.54 GBP
    Assets:UK:Moneyfarm               -50,415.54 GBP

2025-08-08 * GP consultation refund
    Assets:FR:BforBank:Compte-Courant           9 EUR
    Expenses:Health:Doctor                     -9 EUR

2025-08-08 * Refund CPAM
    Assets:FR:BforBank:Compte-Courant       23.03 EUR
    Expenses:Health:Doctor                 -23.03 EUR

2025-08-08 * Beeminder fine
    Expenses:Subscriptions:Software        4.31 EUR
    Assets:UK:Revolut:Personal:EUR        -4.31 EUR

2025-08-08 * ChatGPT subscription
    Expenses:Subscriptions:Software       19.17 EUR
    Assets:UK:Revolut:Personal:EUR       -19.17 EUR

2025-08-08 * Cigarettes
    Expenses:Cigarettes                     13 EUR
    Assets:UK:Revolut:Personal:EUR         -13 EUR

2025-08-08 * Le Monde Diplomatique
    Expenses:Entertainment:Reading:Magazines        5.90 EUR
    Assets:UK:Revolut:Personal:EUR                 -5.90 EUR

2025-08-08 * Books Amazon
    Expenses:Education:Books       45.69 EUR
    Liabilities:FR:Amex:Gold      -45.69 EUR

2025-08-08 * Belkin battery pack
    Expenses:Shopping:Electronics       51.72 EUR
    Liabilities:FR:Amex:Gold           -51.72 EUR

2025-08-08 * Vanish Oxi Action
    Expenses:Home                  10.45 EUR
    Liabilities:FR:Amex:Gold      -10.45 EUR

2025-08-08 * Gornation resistance band
    Expenses:Shopping:Sport        14.90 EUR
    Liabilities:FR:Amex:Gold      -14.90 EUR

2025-08-08 * Popelini
    Expenses:GiftsCharity:Gifts       39.49 EUR
    Liabilities:FR:Amex:Gold         -39.49 EUR

2025-08-09 * Tennis lesson Touquet Tennis Club
    Expenses:Health:Sport:Tennis          50 EUR
    Assets:Cash:EUR                      -50 EUR

2025-08-09 * Cash withdrawal
    Assets:Cash:EUR                            60 EUR
    Assets:FR:BforBank:Compte-Courant         -60 EUR

2025-08-09 * Google Play Head 2 Ball
    Expenses:Entertainment:Digital           6.99 EUR
    Assets:FR:BforBank:Compte-Courant       -6.99 EUR

2025-08-09 * Deliveroo tip
    Expenses:GiftsCharity:Charity            2.09 EUR
    Assets:FR:BforBank:Compte-Courant       -2.09 EUR

2025-08-09 * Cigarettes
    Expenses:Cigarettes                        13 EUR
    Assets:FR:BforBank:Compte-Courant         -13 EUR

2025-08-09 * Cafe Touquet Plage
    Expenses:Food:Cafe                      12.30 EUR
    Assets:FR:BforBank:Compte-Courant      -12.30 EUR

2025-08-09 * Mignardises
    Expenses:Food:Snack                     12 EUR
    Assets:UK:Revolut:Personal:EUR         -12 EUR

2025-08-09 * Crepe Waikiki Bar
    Expenses:Food:Snack                   4.50 EUR
    Assets:UK:Revolut:Personal:EUR       -4.50 EUR

2025-08-10 * Tennis court booking Touquet Tennis Club
    Expenses:Health:Sport:Tennis               28 EUR
    Assets:FR:BforBank:Compte-Courant         -28 EUR

2025-08-10 * Deliveroo Chez Antoine
    Expenses:Food:Delivery         19.36 EUR
    Liabilities:FR:Amex:Gold      -19.36 EUR

2025-08-11 * Baguette
    Expenses:Food:Groceries        1.35 EUR
    Assets:Cash:EUR               -1.35 EUR

2025-08-11 * Transfer revolut
    Assets:UK:Revolut:Personal:EUR            100 EUR
    Assets:FR:BforBank:Compte-Courant        -100 EUR

2025-08-11 * Cigarettes
    Expenses:Cigarettes                     13 EUR
    Assets:UK:Revolut:Personal:EUR         -13 EUR

2025-08-11 * Ferries Greece
    Expenses:Travel:Holidays      432.10 EUR
    Liabilities:FR:Amex:Gold     -432.10 EUR

2025-08-11 * Hotel Athens arrival
    Expenses:Travel:Holidays:Accommodation       53.38 EUR
    Liabilities:Payables:Aurelie                -53.38 EUR

2025-08-11 * Hotel wedding
    Expenses:Travel:Holidays:Accommodation          69 EUR
    Liabilities:Payables:Aurelie                   -69 EUR

2025-08-11 * Hotel Spata
    Expenses:Travel:Holidays:Accommodation       44.86 EUR
    Liabilities:Payables:Aurelie                -44.86 EUR

2025-08-12 * Sell LQQ ETF
    Assets:FR:BourseDirect:PEA:ETF:LQQ    -1 LQQ @ 1,037.90 EUR
    Equity:Conversion:EUR-LQQ:LQQ                         1 LQQ
    Equity:Conversion:EUR-LQQ:EUR                 -1,037.90 EUR
    Assets:FR:BourseDirect:PEA:ETF:LQQ    -1 LQQ @ 1,082.90 EUR
    Equity:Conversion:EUR-LQQ:LQQ                         1 LQQ
    Equity:Conversion:EUR-LQQ:EUR                 -1,082.90 EUR
    Assets:FR:BourseDirect:Cash                    2,666.20 EUR
    Income:CapitalGains:BourseDirect                -545.40 EUR

2025-08-12 * Amex gold Jul'25 settlement
    Liabilities:FR:Amex:Gold              4,027.51 EUR
    Assets:FR:BforBank:Compte-Courant    -4,027.51 EUR

2025-08-12 * Mister Garden
    Expenses:Food:OfficeLunch               18.60 EUR
    Assets:FR:BforBank:Compte-Courant      -18.60 EUR

2025-08-12 * Beeminder fine
    Expenses:Subscriptions:Software        4.33 EUR
    Assets:UK:Revolut:Personal:EUR        -4.33 EUR

2025-08-12 * Lebara mobile
    Expenses:Home:Utilities:MobilePhone        5.82 EUR
    Assets:UK:Revolut:Personal:EUR            -5.82 EUR

2025-08-12 * Deliveroo Grom
    Expenses:GiftsCharity:Gifts       30.49 EUR
    Liabilities:FR:Amex:Gold         -30.49 EUR

2025-08-12 * Ferries refund
    Liabilities:FR:Amex:Gold      373.30 EUR
    Expenses:Travel:Holidays     -373.30 EUR

2025-08-13 * Beeminder fine
    Expenses:Subscriptions:Software        4.31 EUR
    Assets:UK:Revolut:Personal:EUR        -4.31 EUR

2025-08-13 * Beeminder fine
    Expenses:Subscriptions:Software        4.31 EUR
    Assets:UK:Revolut:Personal:EUR        -4.31 EUR

2025-08-13 * Beeminder fine
    Expenses:Subscriptions:Software        4.31 EUR
    Assets:UK:Revolut:Personal:EUR        -4.31 EUR

2025-08-13 * Cigarettes
    Expenses:Cigarettes                     13 EUR
    Assets:UK:Revolut:Personal:EUR         -13 EUR

2025-08-13 * Doowap HiPro Auchan
    Expenses:Food:Snack                   6.80 EUR
    Assets:UK:Revolut:Personal:EUR       -6.80 EUR

2025-08-13 * Cafe Nuances
    Expenses:Food:Cafe                    5.85 EUR
    Assets:UK:Revolut:Personal:EUR       -5.85 EUR

2025-08-13 * Ferries refund
    Liabilities:FR:Amex:Gold        7.80 EUR
    Expenses:Travel:Holidays       -7.80 EUR

2025-08-13 * Deliveroo fee
    Expenses:Food:OfficeLunch        2.22 EUR
    Liabilities:FR:Amex:Gold        -2.22 EUR

2025-08-14 * Charity
    Expenses:GiftsCharity:Charity        1.20 EUR
    Assets:Cash:EUR                     -1.20 EUR

2025-08-14 * Euromillions
    Expenses:Entertainment                  15 EUR
    Assets:UK:Revolut:Personal:EUR         -15 EUR

2025-08-14 * Cigarettes
    Expenses:Cigarettes                     13 EUR
    Assets:UK:Revolut:Personal:EUR         -13 EUR

2025-08-14 * Restaurant Lagano
    Expenses:Food:Restaurants          40 EUR
    Liabilities:FR:Amex:Gold          -40 EUR

2025-08-15 * MS Therapy
    Expenses:PersonalCare:Discretionary         150 EUR
    Assets:Cash:EUR                            -150 EUR

2025-08-15 * Cojean
    Expenses:Food:OfficeLunch               10.60 EUR
    Assets:FR:BforBank:Compte-Courant      -10.60 EUR

2025-08-15 * Intermarche
    Expenses:Food:Groceries                  8.89 EUR
    Assets:FR:BforBank:Compte-Courant       -8.89 EUR

2025-08-15 * Cigarettes
    Expenses:Cigarettes                        13 EUR
    Assets:FR:BforBank:Compte-Courant         -13 EUR

2025-08-15 * Fisherman's Friend
    Expenses:Food:Snack                      2.30 EUR
    Assets:FR:BforBank:Compte-Courant       -2.30 EUR

2025-08-15 * Drinks with Aurelie
    Expenses:Entertainment:Social:Bars          20 EUR
    Assets:FR:BforBank:Compte-Courant          -20 EUR

2025-08-15 * Cash withdrawal
    Assets:Cash:EUR                           150 EUR
    Assets:FR:BforBank:Compte-Courant        -150 EUR

2025-08-16 * Cigarettes
    Expenses:Cigarettes          13 EUR
    Assets:Cash:EUR             -13 EUR

2025-08-16 * EDF subscription
    Expenses:Home:Utilities:Electricity       52.69 EUR
    Assets:FR:BforBank:Compte-Courant        -52.69 EUR

2025-08-16 * Cash withdrawal
    Assets:Cash:EUR                            20 EUR
    Assets:FR:BforBank:Compte-Courant         -20 EUR

2025-08-16 * Window blind replacement
    Expenses:Home:Maintenance                 380 EUR
    Assets:FR:BforBank:Compte-Courant        -380 EUR

2025-08-16 * Cigarettes
    Expenses:Cigarettes                        13 EUR
    Assets:FR:BforBank:Compte-Courant         -13 EUR

2025-08-16 * Tennis court booking Paris Tennis with Aurelie
    Expenses:Health:Sport:Tennis            12 EUR
    Assets:UK:Revolut:Personal:EUR         -12 EUR

2025-08-16 * Anker charger
    Expenses:Shopping:Electronics       65.87 EUR
    Liabilities:FR:Amex:Gold           -65.87 EUR

2025-08-16 * Anker cables
    Expenses:Shopping:Electronics       10.99 EUR
    Liabilities:FR:Amex:Gold           -10.99 EUR

2025-08-16 * Anker charger for mum
    Expenses:GiftsCharity:Gifts       11.99 EUR
    Liabilities:FR:Amex:Gold         -11.99 EUR

2025-08-16 * Cable clips
    Expenses:Home:Maintenance        9.99 EUR
    Liabilities:FR:Amex:Gold        -9.99 EUR

2025-08-17 * Revolut transfer
    Assets:UK:Revolut:Personal:EUR            200 EUR
    Assets:FR:BforBank:Compte-Courant        -200 EUR

2025-08-17 * Hotel Mahfouf cafe
    Expenses:Food:Cafe                      13 EUR
    Assets:UK:Revolut:Personal:EUR         -13 EUR

2025-08-18 * Cigarettes
    Expenses:Cigarettes                     13 EUR
    Assets:UK:Revolut:Personal:EUR         -13 EUR

2025-08-18 * Carrefour
    Expenses:Food:Groceries              10.29 EUR
    Assets:UK:Revolut:Personal:EUR      -10.29 EUR

2025-08-18 * Point Virgule stand-up
    Expenses:Entertainment:Events           42 EUR
    Assets:UK:Revolut:Personal:EUR         -42 EUR

2025-08-19 * Cafe Nuances
    Expenses:Food:Cafe                       9 EUR
    Assets:UK:Revolut:Personal:EUR          -9 EUR

2025-08-19 * Cigarettes
    Expenses:Cigarettes                     13 EUR
    Assets:UK:Revolut:Personal:EUR         -13 EUR

2025-08-19 * Carrefour
    Expenses:Food:Groceries              10.28 EUR
    Assets:UK:Revolut:Personal:EUR      -10.28 EUR

2025-08-19 * Valencia Tennis Academy group classes
    Expenses:Health:Sport:Tennis         105 EUR
    Liabilities:FR:Amex:Gold            -105 EUR

2025-08-19 * Panasonic body groomer blade
    Expenses:Shopping              32.75 EUR
    Liabilities:FR:Amex:Gold      -32.75 EUR

2025-08-19 * Kpro moth bands
    Expenses:Home:Maintenance       19.98 EUR
    Liabilities:FR:Amex:Gold       -19.98 EUR

2025-08-20 * Cash withdrawal
    Assets:Cash:EUR                            20 EUR
    Assets:FR:BforBank:Compte-Courant         -20 EUR  ; date:2025-08-21

2025-08-20 * Cafe Nuances
    Expenses:Food:Cafe                    4.50 EUR
    Assets:UK:Revolut:Personal:EUR       -4.50 EUR

2025-08-20 * Tennis shoes Tennis Compagnie
    Expenses:Shopping:Sport        70.20 EUR
    Liabilities:FR:Amex:Gold      -70.20 EUR

2025-08-21 * Hairdresser
    Expenses:PersonalCare:Hair          22 EUR
    Assets:Cash:EUR                    -22 EUR

2025-08-21 * Cigarettes
    Expenses:Cigarettes                          13 EUR
    Assets:FR:BoursoBank:Compte-Courant         -13 EUR

2025-08-21 * Window blind replacement balance
    Expenses:Home:Maintenance                 577 EUR
    Assets:FR:BforBank:Compte-Courant        -577 EUR

2025-08-21 * Window blind Iskander liability
    Assets:Receivables:Iskander         957 EUR
    Expenses:Home:Maintenance          -957 EUR

2025-08-21 * Cafe Nuances
    Expenses:Food:Cafe                    6.93 EUR
    Assets:UK:Revolut:Personal:EUR       -6.93 EUR

2025-08-21 * GP consultation
    Expenses:Health:Doctor                   9 EUR
    Assets:UK:Revolut:Personal:EUR          -9 EUR

2025-08-22 * Bagnard
    Expenses:Food:OfficeLunch                  19 EUR
    Assets:FR:BforBank:Compte-Courant         -19 EUR

2025-08-22 * Beeminder fine
    Expenses:Subscriptions:Software        4.33 EUR
    Assets:UK:Revolut:Personal:EUR        -4.33 EUR

2025-08-22 * Transavia Flights Valencia
    Expenses:Travel:Flights          254 EUR
    Liabilities:FR:Amex:Gold        -254 EUR

2025-08-22 * Tennis shoes and racket sleeve
    Expenses:Shopping:Sport        92.75 EUR
    Liabilities:FR:Amex:Gold      -92.75 EUR

2025-08-22 * Deliveroo
    Expenses:Food:Delivery         16.88 EUR
    Liabilities:FR:Amex:Gold      -16.88 EUR

2025-08-22 * Anker cables
    Expenses:Shopping:Electronics       11.79 EUR
    Liabilities:FR:Amex:Gold           -11.79 EUR

2025-08-22 * AirBnB Valencia
    Expenses:Travel:Holidays:Accommodation     1,201.70 EUR
    Liabilities:FR:Amex:Gold                  -1,201.70 EUR
    Assets:Receivables:Mum                          300 EUR
    Expenses:Travel:Holidays:Accommodation         -300 EUR

2025-08-23 * Restaurant Athens
    Expenses:Food:Restaurants          45 EUR
    Assets:Cash:EUR                   -45 EUR

2025-08-23 * Cigarettes
    Expenses:Cigarettes        4.80 EUR
    Assets:Cash:EUR           -4.80 EUR

2025-08-23 * Cocktails Athens
    Expenses:Entertainment:Social:Bars          24 EUR
    Assets:Cash:EUR                            -24 EUR

2025-08-23 * Drinks with Aurelie
    Expenses:Entertainment:Social:Bars       19.50 EUR
    Assets:FR:BforBank:Compte-Courant       -19.50 EUR

2025-08-23 * Selecta coffee Orly airport
    Expenses:Food:Cafe                       2 EUR
    Assets:UK:Revolut:Personal:EUR          -2 EUR

2025-08-23 * Selecta coffee Orly airport
    Expenses:Food:Cafe                    2.80 EUR
    Assets:UK:Revolut:Personal:EUR       -2.80 EUR

2025-08-24 * Acropole Athens
    Expenses:Travel:Holidays          40 EUR
    Assets:Cash:EUR                  -40 EUR

2025-08-24 * Toll Greece
    Expenses:Transportation:Toll             2.50 EUR
    Assets:FR:BforBank:Compte-Courant       -2.50 EUR

2025-08-24 * Beeminder fine
    Expenses:Subscriptions:Software        4.33 EUR
    Assets:UK:Revolut:Personal:EUR        -4.33 EUR

2025-08-24 * Nike cap
    Expenses:Shopping:Sport        29.99 EUR
    Liabilities:FR:Amex:Gold      -29.99 EUR

2025-08-25 * Restaurant Lo & La Skiathos
    Expenses:Food:Restaurants          50 EUR
    Assets:Cash:EUR                   -50 EUR

2025-08-25 * Cigarettes
    Expenses:Cigarettes        4.80 EUR
    Assets:Cash:EUR           -4.80 EUR

2025-08-25 * Water bottle
    Expenses:Food:Snack           1 EUR
    Assets:Cash:EUR              -1 EUR

2025-08-25 * Breakfast Athens
    Expenses:Food:Restaurants               27.90 EUR
    Assets:FR:BforBank:Compte-Courant      -27.90 EUR

2025-08-25 * Window blind Iskander's settlement
    Assets:UK:Revolut:Personal:EUR         957 EUR
    Assets:Receivables:Iskander           -957 EUR

2025-08-26 * Drinks Vrolominos
    Expenses:Entertainment:Social:Bars          10 EUR
    Assets:Cash:EUR                            -10 EUR

2025-08-26 * Snacks
    Expenses:Food:Snack           6 EUR
    Assets:Cash:EUR              -6 EUR

2025-08-26 * SFR
    Expenses:Home:Utilities:MobilePhone       13.56 EUR
    Assets:FR:BforBank:Compte-Courant        -13.56 EUR

2025-08-26 * Car rental balance
    Expenses:Transportation:CarRental          40 EUR
    Assets:FR:BforBank:Compte-Courant         -40 EUR

2025-08-26 * Cash withdrawal
    Assets:Cash:EUR                           200 EUR
    Assets:FR:BforBank:Compte-Courant        -200 EUR

2025-08-26 * Cash withdrawal fee
    Expenses:Finance:ATM                     1.80 EUR
    Assets:FR:BforBank:Compte-Courant       -1.80 EUR

2025-08-26 * GP consultation refund
    Assets:FR:BforBank:Compte-Courant           9 EUR
    Expenses:Health:Doctor                     -9 EUR

2025-08-26 * Coffee Vrolominos
    Expenses:Food:Cafe                      22 EUR
    Assets:UK:Revolut:Personal:EUR         -22 EUR

2025-08-26 * Mam Souvlaki - Lunch Skiathos Old Town
    Expenses:Food:Restaurants            16.10 EUR
    Assets:UK:Revolut:Personal:EUR      -16.10 EUR

2025-08-26 * Euronet Car Hire - Bicycle rental
    Expenses:Travel:Holidays                40 EUR
    Assets:UK:Revolut:Personal:EUR         -40 EUR

2025-08-26 * Skiathos Palace Hotel - Sunbeds
    Expenses:Travel:Holidays                30 EUR
    Assets:UK:Revolut:Personal:EUR         -30 EUR

2025-08-26 * Skiathos Palace Hotel - Drinks
    Expenses:Entertainment:Social:Bars       19.50 EUR
    Assets:UK:Revolut:Personal:EUR          -19.50 EUR

2025-08-26 * Miliore E.e.
    Expenses:Food:Restaurants            48.70 EUR
    Assets:UK:Revolut:Personal:EUR      -48.70 EUR

2025-08-26 * The Grocery Store - Ice Cream
    Expenses:Food:Snack                      8 EUR
    Assets:UK:Revolut:Personal:EUR          -8 EUR

2025-08-27 * Cash witdrawal
    Assets:Cash:EUR                           200 EUR
    Assets:FR:BforBank:Compte-Courant        -200 EUR

2025-08-27 * Beeminder fine
    Expenses:Subscriptions:Software        4.32 EUR
    Assets:UK:Revolut:Personal:EUR        -4.32 EUR

2025-08-27 * Beeminder fine
    Expenses:Subscriptions:Software        8.63 EUR
    Assets:UK:Revolut:Personal:EUR        -8.63 EUR

2025-08-27 * Coffee Vrolominos
    Expenses:Food:Cafe                      22 EUR
    Assets:UK:Revolut:Personal:EUR         -22 EUR

2025-08-27 * Padel court booking Anatoli Skiathos
    Expenses:Entertainment:Social:Sports          30 EUR
    Assets:UK:Revolut:Personal:EUR               -30 EUR

2025-08-27 * Stafylos - Dinner Skopelos
    Expenses:Food:Restaurants            60.90 EUR
    Assets:UK:Revolut:Personal:EUR      -60.90 EUR

2025-08-28 * Cigarettes
    Expenses:Cigarettes           5 EUR
    Assets:Cash:EUR              -5 EUR

2025-08-28 * Karavia Cafe
    Expenses:Food:Restaurants            23.80 EUR
    Assets:UK:Revolut:Personal:EUR      -23.80 EUR

2025-08-28 * Pension Sir Kotos - Drinks Kastani Beach Club
    Expenses:Entertainment:Social:Bars          23 EUR
    Assets:UK:Revolut:Personal:EUR             -23 EUR

2025-08-29 * Cigarettes
    Expenses:Cigarettes        4.80 EUR
    Assets:Cash:EUR           -4.80 EUR

2025-08-29 * Sweets
    Expenses:Food:Snack        1.10 EUR
    Assets:Cash:EUR           -1.10 EUR

2025-08-29 * Water bottle
    Expenses:Food:Snack           1 EUR
    Assets:Cash:EUR              -1 EUR

2025-08-30 * Boursobank transfer
    Assets:FR:BoursoBank:Compte-Courant         800 EUR
    Assets:FR:BforBank:Compte-Courant          -800 EUR

2025-08-30 * Mercurious Cocktail Bar - Glysteri Beach Club
    Expenses:Entertainment:Social:Bars          61 EUR
    Assets:UK:Revolut:Personal:EUR             -61 EUR

2025-08-30 * Olympus Plaza Catering - Snack Ferry
    Expenses:Food:Snack                  13.90 EUR
    Assets:UK:Revolut:Personal:EUR      -13.90 EUR

2025-08-30 * Valencia Tennis Academy group classes
    Expenses:Health:Sport:Tennis         245 EUR
    Liabilities:FR:Amex:Gold            -245 EUR

2025-08-31 * Veneti - Snack airport
    Expenses:Food:Snack                  13.40 EUR
    Assets:UK:Revolut:Personal:EUR      -13.40 EUR

2025-08-31 * Taxi Orly
    Expenses:Transportation:Taxi          45 EUR
    Liabilities:FR:Amex:Gold             -45 EUR

2025-09-01 * 111 Capital wage
    Assets:FR:BforBank:Compte-Courant     6,371.58 EUR
    Income:FR:111Capital:Salary          -6,371.58 EUR

2025-09-01 * Sandals for mum
    Expenses:GiftsCharity:Gifts        5.95 EUR
    Assets:Cash:EUR                   -5.95 EUR

2025-09-01 * MS Therapy
    Expenses:PersonalCare:Discretionary         120 EUR
    Assets:Cash:EUR                            -120 EUR

2025-09-01 * Valencia Tennis Center racket rental
    Expenses:Health:Sport:Tennis           5 EUR
    Assets:Cash:EUR                       -5 EUR

2025-09-01 * Taxi Valencia
    Expenses:Transportation:Taxi            39.85 EUR
    Assets:FR:BforBank:Compte-Courant      -39.85 EUR

2025-09-01 * Car rental damage
    Expenses:Transportation:CarRental         350 EUR
    Assets:FR:BforBank:Compte-Courant        -350 EUR

2025-09-01 * Snack Orly airport
    Expenses:Food:Snack                         8 EUR
    Assets:FR:BforBank:Compte-Courant          -8 EUR

2025-09-01 * Kosiavas Koyzio
    Expenses:Misc:Unaccounted                4.50 EUR
    Assets:FR:BforBank:Compte-Courant       -4.50 EUR

2025-09-01 * Valencia Tennis Center latte
    Expenses:Food:Cafe                    1.60 EUR
    Assets:UK:Revolut:Personal:EUR       -1.60 EUR

2025-09-01 * Empresa Municipal Transport
    Expenses:Transportation:PublicTransport           5 EUR
    Assets:UK:Revolut:Personal:EUR                   -5 EUR

2025-09-01 * Valencia Tennis Academy 1-to-1 coach
    Expenses:Health:Sport:Tennis            55 EUR
    Assets:UK:Revolut:Personal:EUR         -55 EUR

2025-09-01 * Consum - groceries shopping
    Expenses:Food:Groceries              19.13 EUR
    Assets:UK:Revolut:Personal:EUR      -19.13 EUR

2025-09-02 * Valencia Tennis Center racket rental
    Expenses:Health:Sport:Tennis           5 EUR
    Assets:Cash:EUR                       -5 EUR

2025-09-02 * Rent Citeaux
    Expenses:Home:Rent                     1,330. EUR
    Assets:FR:BforBank:Compte-Courant     -1,330. EUR

2025-09-02 * Mercadona Valencia
    Expenses:Food:Groceries                 62.52 EUR
    Assets:FR:BforBank:Compte-Courant      -62.52 EUR

2025-09-02 * 121006187
    Expenses:Misc:Unaccounted               22.95 EUR
    Assets:FR:BforBank:Compte-Courant      -22.95 EUR

2025-09-02 * Valencia Tennis Academy 1-to-1 coach
    Expenses:Health:Sport:Tennis           165 EUR
    Assets:UK:Revolut:Personal:EUR        -165 EUR

2025-09-02 * Valencia Tennis Center cafe
    Expenses:Food:Cafe                    1.40 EUR
    Assets:UK:Revolut:Personal:EUR       -1.40 EUR

2025-09-02 * Valencia Tennis Center racket rental
    Expenses:Health:Sport:Tennis             5 EUR
    Assets:UK:Revolut:Personal:EUR          -5 EUR

2025-09-02 * Mercadona
    Expenses:Food:Groceries               4.53 EUR
    Assets:UK:Revolut:Personal:EUR       -4.53 EUR

2025-09-03 * Valencia Tennis Center cafe
    Expenses:Food:Cafe                    1.20 EUR
    Assets:UK:Revolut:Personal:EUR       -1.20 EUR

2025-09-03 * Valencia Tennis Center racket rental
    Expenses:Health:Sport:Tennis             5 EUR
    Assets:UK:Revolut:Personal:EUR          -5 EUR

2025-09-03 * Valencia Tennis Center cafe
    Expenses:Food:Cafe                    1.20 EUR
    Assets:UK:Revolut:Personal:EUR       -1.20 EUR

2025-09-03 * Casa Miralles
    Expenses:Food:Restaurants               27 EUR
    Assets:UK:Revolut:Personal:EUR         -27 EUR

2025-09-03 * Valencia Tennis Center cafe
    Expenses:Food:Cafe                    1.20 EUR
    Assets:UK:Revolut:Personal:EUR       -1.20 EUR

2025-09-03 * Refund Tennis Compagnie
    Liabilities:FR:Amex:Gold       70.20 EUR
    Expenses:Shopping:Sport       -70.20 EUR

2025-09-03 * Velib
    Expenses:Transportation:Bikesharing           8 EUR
    Liabilities:FR:Amex:Gold                     -8 EUR

2025-09-04 * MS Therapy
    Expenses:PersonalCare:Discretionary         120 EUR
    Assets:Cash:EUR                            -120 EUR

2025-09-04 * Valencia Tennis Center cafe
    Expenses:Food:Cafe                    1.20 EUR
    Assets:UK:Revolut:Personal:EUR       -1.20 EUR

2025-09-04 * Valencia Tennis Center racket rental
    Expenses:Health:Sport:Tennis             5 EUR
    Assets:UK:Revolut:Personal:EUR          -5 EUR

2025-09-04 * Valencia Tennis Center cafe
    Expenses:Food:Cafe                    1.20 EUR
    Assets:UK:Revolut:Personal:EUR       -1.20 EUR

2025-09-04 * Valencia Tennis Center cafe
    Expenses:Food:Cafe                    1.20 EUR
    Assets:UK:Revolut:Personal:EUR       -1.20 EUR

2025-09-04 * Mercadona
    Expenses:Food:Groceries              14.21 EUR
    Assets:UK:Revolut:Personal:EUR      -14.21 EUR

2025-09-05 * Praia beach bar Valencia
    Expenses:Entertainment:Social:Bars          12 EUR
    Assets:Cash:EUR                            -12 EUR

2025-09-05 * ChatGPT subscription for mum
    Expenses:GiftsCharity:Gifts             21.99 EUR
    Assets:FR:BforBank:Compte-Courant      -21.99 EUR

2025-09-05 * MacroFactor subscription
    Expenses:Subscriptions:Software         13.99 EUR
    Assets:FR:BforBank:Compte-Courant      -13.99 EUR

2025-09-05 * Valencia Tennis Center cafe
    Expenses:Food:Cafe                    1.20 EUR
    Assets:UK:Revolut:Personal:EUR       -1.20 EUR

2025-09-05 * Valencia Tennis Center racket rental
    Expenses:Health:Sport:Tennis             5 EUR
    Assets:UK:Revolut:Personal:EUR          -5 EUR

2025-09-05 * Valencia Tennis Center cafe
    Expenses:Food:Cafe                    1.20 EUR
    Assets:UK:Revolut:Personal:EUR       -1.20 EUR

2025-09-05 * Valencia Tennis Center cafe
    Expenses:Food:Cafe                    1.20 EUR
    Assets:UK:Revolut:Personal:EUR       -1.20 EUR

2025-09-05 * Mercadona
    Expenses:Food:Groceries               3.11 EUR
    Assets:UK:Revolut:Personal:EUR       -3.11 EUR

2025-09-05 * Souvenirs Center
    Expenses:GiftsCharity:Gifts              8 EUR
    Assets:UK:Revolut:Personal:EUR          -8 EUR

2025-09-05 * Taxi Umbracle
    Expenses:Transportation:Taxi       18.50 EUR
    Liabilities:FR:Amex:Gold          -18.50 EUR

2025-09-05 * Taxi Umbracle
    Expenses:Transportation:Taxi       15.25 EUR
    Liabilities:FR:Amex:Gold          -15.25 EUR

2025-09-05 * Umbracle ticket
    Expenses:Entertainment:Events          21 EUR
    Liabilities:FR:Amex:Gold              -21 EUR

2025-09-05 * R2 Training
    Expenses:Health:Gym              179 EUR
    Liabilities:FR:Amex:Gold        -179 EUR

2025-09-06 * Estimated cigarettes in Valencia
    Expenses:Cigarettes          30 EUR
    Assets:Cash:EUR             -30 EUR

2025-09-06 * Estimated cafes paid in cash
    Expenses:Food:Cafe        3.60 EUR
    Assets:Cash:EUR          -3.60 EUR

2025-09-06 * Unaccounted holidays cash expenses
    Expenses:Travel:Holidays       64.44 EUR
    Assets:Cash:EUR               -64.44 EUR

2025-09-06 * Cash witdrawal
    Assets:Cash:EUR                           200 EUR
    Assets:FR:BforBank:Compte-Courant        -200 EUR

2025-09-06 * Cash withdrawal fee
    Expenses:Finance:ATM                     2.90 EUR
    Assets:FR:BforBank:Compte-Courant       -2.90 EUR

2025-09-06 * Transfer to BforBank
    Assets:FR:BforBank:Compte-Courant           800 EUR
    Assets:FR:BoursoBank:Compte-Courant        -800 EUR

2025-09-06 * Beeminder fine
    Expenses:Subscriptions:Software        4.33 EUR
    Assets:UK:Revolut:Personal:EUR        -4.33 EUR

2025-09-06 * Umbracle drink
    Expenses:Entertainment:Social:Bars          14 EUR
    Assets:UK:Revolut:Personal:EUR             -14 EUR

2025-09-06 * Starbucks airport
    Expenses:Food:Snack                  12.75 EUR
    Assets:UK:Revolut:Personal:EUR      -12.75 EUR

2025-09-06 * Cigarettes
    Expenses:Cigarettes                     13 EUR
    Assets:UK:Revolut:Personal:EUR         -13 EUR

2025-09-06 * McDonald's
    Expenses:Food:FastFood               11.85 EUR
    Assets:UK:Revolut:Personal:EUR      -11.85 EUR

2025-09-06 * McDonald's
    Expenses:Food:FastFood                2.75 EUR
    Assets:UK:Revolut:Personal:EUR       -2.75 EUR

2025-09-06 * Le Berlioz
    Expenses:Entertainment:Social:Bars          16 EUR
    Assets:UK:Revolut:Personal:EUR             -16 EUR

2025-09-06 * Amex subscription
    Expenses:Finance:CreditCard          16 EUR
    Liabilities:FR:Amex:Gold            -16 EUR

2025-09-06 * Transavia checked luggage for mum
    Expenses:Travel:Flights           36 EUR
    Liabilities:FR:Amex:Gold         -36 EUR
    Assets:Receivables:Mum            36 EUR
    Expenses:Travel:Flights          -36 EUR

2025-09-08 * Pain au chocolat
    Expenses:Food:Snack        1.50 EUR
    Assets:Cash:EUR           -1.50 EUR

2025-09-08 * Cigarettes and matches
    Expenses:Cigarettes          13 EUR
    Assets:Cash:EUR             -13 EUR

2025-09-08 * Valencia underground
    Expenses:Transportation:PublicTransport           7 EUR
    Assets:FR:BforBank:Compte-Courant                -7 EUR

2025-09-08 * Navigo
    Expenses:Transportation:PublicTransport       88.80 EUR
    Assets:FR:BforBank:Compte-Courant            -88.80 EUR

2025-09-08 * ChatGPT subscription
    Expenses:Subscriptions:Software       19.17 EUR
    Assets:UK:Revolut:Personal:EUR       -19.17 EUR

2025-09-08 * Transavia coke
    Expenses:GiftsCharity:Gifts           3.50 EUR
    Assets:UK:Revolut:Personal:EUR       -3.50 EUR

2025-09-08 * Refund Hyrox
    Liabilities:FR:Amex:Gold                     109 EUR
    Expenses:Entertainment:Events:Sports        -109 EUR

2025-09-08 * Match tricount balance for settlement
    Liabilities:Payables:Aurelie       84.24 EUR
    Expenses:Travel:Holidays          -84.24 EUR

2025-09-08 * Buy GBP with Revolut
    Assets:UK:Revolut:Personal:GBP    12.22 GBP @@ 14.15 EUR
    Equity:Conversion:EUR-GBP:GBP                 -12.22 GBP
    Equity:Conversion:EUR-GBP:EUR                  14.15 EUR
    Assets:UK:Revolut:Personal:EUR                -14.15 EUR

2025-09-08 * Pay back Halifax Credit Card
    Liabilities:UK:Halifax:Clarity       12.22 GBP
    Assets:UK:Revolut:Personal:GBP      -12.22 GBP

2025-09-09 * AirBnB Valencia Mum's share settlement
    Assets:FR:BforBank:Compte-Courant         300 EUR
    Assets:Receivables:Mum                   -300 EUR

2025-09-09 * Mum refunds ticket
    Assets:FR:BforBank:Compte-Courant         200 EUR
    Liabilities:Payables:Mum                 -200 EUR
    Liabilities:Payables:Mum                  200 EUR
    Liabilities:Payables:Iskander            -200 EUR

2025-09-09 * Transavia checked luggage mum's settlement
    Assets:FR:BforBank:Compte-Courant          36 EUR
    Assets:Receivables:Mum                    -36 EUR

2025-09-09 * Google Play Head 2 Ball
    Expenses:Entertainment:Digital           9.99 EUR
    Assets:FR:BforBank:Compte-Courant       -9.99 EUR

2025-09-09 * Valencia bus
    Expenses:Transportation:PublicTransport           2 EUR
    Assets:FR:BforBank:Compte-Courant                -2 EUR

2025-09-09 * Beeminder fine
    Expenses:Subscriptions:Software        4.27 EUR
    Assets:UK:Revolut:Personal:EUR        -4.27 EUR

2025-09-09 * Beeminder fine
    Expenses:Subscriptions:Software        4.27 EUR
    Assets:UK:Revolut:Personal:EUR        -4.27 EUR

2025-09-09 * Cigarettes
    Expenses:Cigarettes                     13 EUR
    Assets:UK:Revolut:Personal:EUR         -13 EUR

2025-09-09 * Frog Hop House with Isky
    Expenses:Entertainment:Social:Bars          14 EUR
    Assets:UK:Revolut:Personal:EUR             -14 EUR

2025-09-10 * Baguette
    Expenses:Food:Groceries        1.25 EUR
    Assets:Cash:EUR               -1.25 EUR

2025-09-10 * Revolut Transfer
    Assets:UK:Revolut:Personal:EUR            200 EUR
    Assets:FR:BforBank:Compte-Courant        -200 EUR

2025-09-10 * Cafe Nuances
    Expenses:Food:Cafe                    6.93 EUR
    Assets:UK:Revolut:Personal:EUR       -6.93 EUR

2025-09-10 * Carrefour
    Expenses:Food:Groceries              19.47 EUR
    Assets:UK:Revolut:Personal:EUR      -19.47 EUR

2025-09-10 * Pay back Isky for mum's ticket
    Liabilities:Payables:Iskander          200 EUR
    Assets:UK:Revolut:Personal:EUR        -200 EUR

2025-09-10 * Cake Couvreur office
    Expenses:GiftsCharity:Gifts       61.98 EUR
    Liabilities:FR:Amex:Gold         -61.98 EUR

2025-09-11 * Amex gold settlement
    Liabilities:FR:Amex:Gold              2,752.75 EUR
    Assets:FR:BforBank:Compte-Courant    -2,752.75 EUR

2025-09-11 * Beeminder fine
    Expenses:Subscriptions:Software        8.59 EUR
    Assets:UK:Revolut:Personal:EUR        -8.59 EUR

2025-09-11 * Beeminder fine
    Expenses:Subscriptions:Software        4.30 EUR
    Assets:UK:Revolut:Personal:EUR        -4.30 EUR

2025-09-11 * Beeminder fine
    Expenses:Subscriptions:Software        4.30 EUR
    Assets:UK:Revolut:Personal:EUR        -4.30 EUR

2025-09-11 * Lebara mobile
    Expenses:Home:Utilities:MobilePhone        5.81 EUR
    Assets:UK:Revolut:Personal:EUR            -5.81 EUR

2025-09-12 * Cigarettes
    Expenses:Cigarettes                     13 EUR
    Assets:UK:Revolut:Personal:EUR         -13 EUR

2025-09-12 * Poke Go
    Expenses:Food:OfficeLunch            12.90 EUR
    Assets:UK:Revolut:Personal:EUR      -12.90 EUR

2025-09-12 * HelloFresh
    Expenses:Food:Groceries        48.94 EUR
    Liabilities:FR:Amex:Gold      -48.94 EUR

2025-09-12 * HelloFresh Amex refund
    Liabilities:FR:Amex:Gold          10 EUR
    Expenses:Food:Groceries          -10 EUR

2025-09-13 * Therapy
    Expenses:Health:Therapy          60 EUR
    Assets:Cash:EUR                 -60 EUR

2025-09-13 * Cigarettes
    Expenses:Cigarettes          13 EUR
    Assets:Cash:EUR             -13 EUR

2025-09-13 * Pain au chocolat and cafe
    Expenses:Food:Snack                   3.30 EUR
    Assets:UK:Revolut:Personal:EUR       -3.30 EUR

2025-09-14 * Cinema MK2 Valeurs Sentimentales
    Expenses:Entertainment:Events:Cinema       31.60 EUR
    Assets:FR:BforBank:Compte-Courant         -31.60 EUR

2025-09-14 * Water bottle MK2
    Expenses:Food:Snack                      2.10 EUR
    Assets:FR:BforBank:Compte-Courant       -2.10 EUR

2025-09-14 * Beeminder fine
    Expenses:Subscriptions:Software        8.66 EUR
    Assets:UK:Revolut:Personal:EUR        -8.66 EUR

2025-09-14 * Beeminder fine
    Expenses:Subscriptions:Software        4.33 EUR
    Assets:UK:Revolut:Personal:EUR        -4.33 EUR

2025-09-14 * Beeminder fine
    Expenses:Subscriptions:Software        4.32 EUR
    Assets:UK:Revolut:Personal:EUR        -4.32 EUR

2025-09-14 * Lunch Marigny
    Expenses:Food:Restaurants       54.50 EUR
    Liabilities:FR:Amex:Gold       -54.50 EUR

2025-09-15 * Revolut transfer
    Assets:UK:Revolut:Personal:EUR            100 EUR
    Assets:FR:BforBank:Compte-Courant        -100 EUR

2025-09-15 * Cash withdrawal therapy
    Assets:Cash:EUR                            60 EUR
    Assets:FR:BforBank:Compte-Courant         -60 EUR

2025-09-15 * Google Play Head 2 Ball
    Expenses:Entertainment:Digital          14.99 EUR
    Assets:FR:BforBank:Compte-Courant      -14.99 EUR

2025-09-15 * Mikate Cinema MK2
    Expenses:Food:Snack                         6 EUR
    Assets:FR:BforBank:Compte-Courant          -6 EUR

2025-09-15 * Wild & The Moon with Isky
    Expenses:Food:Snack                        23 EUR
    Assets:FR:BforBank:Compte-Courant         -23 EUR

2025-09-15 * Physiotherapy
    Expenses:Health:Doctor                     85 EUR
    Assets:FR:BforBank:Compte-Courant         -85 EUR

2025-09-15 * Cigarettes
    Expenses:Cigarettes                     13 EUR
    Assets:UK:Revolut:Personal:EUR         -13 EUR

2025-09-15 * Drinks with Aurelie
    Expenses:Entertainment:Social:Bars       26.50 EUR
    Assets:UK:Revolut:Personal:EUR          -26.50 EUR

2025-09-15 * Beeminder fine
    Expenses:Subscriptions:Software        4.27 EUR
    Assets:UK:Revolut:Personal:EUR        -4.27 EUR

2025-09-15 * Dott ride
    Expenses:Transportation:Bikesharing        6.24 EUR
    Liabilities:FR:Amex:Gold                  -6.24 EUR

2025-09-15 * Deliveroo Chez Antoine
    Expenses:Food:Delivery         30.29 EUR
    Liabilities:FR:Amex:Gold      -30.29 EUR

2025-09-16 * Cafe Nuances
    Expenses:Food:Cafe                       5 EUR
    Assets:UK:Revolut:Personal:EUR          -5 EUR

2025-09-16 * Cigarettes
    Expenses:Food:Cafe                      13 EUR
    Assets:UK:Revolut:Personal:EUR         -13 EUR

2025-09-16 * Tennis racket TennisPro
    Expenses:Shopping:Sport          217 EUR
    Liabilities:FR:Amex:Gold        -217 EUR

2025-09-17 * Cafe Nuances
    Expenses:Food:Cafe                    4.50 EUR
    Assets:UK:Revolut:Personal:EUR       -4.50 EUR

2025-09-18 * EDF subscription
    Expenses:Home:Utilities:Electricity       52.69 EUR
    Assets:FR:BforBank:Compte-Courant        -52.69 EUR

2025-09-18 * De La Ville Cafe
    Expenses:Entertainment:Social:Bars       39.60 EUR
    Assets:FR:BforBank:Compte-Courant       -39.60 EUR
    Assets:Receivables:Arnaud                   10 EUR
    Expenses:Entertainment:Social:Bars         -10 EUR
    Assets:Cash:EUR                             10 EUR
    Assets:Receivables:Arnaud                  -10 EUR

2025-09-18 * Crepe Creme De Paris
    Expenses:Food:Snack                      3.50 EUR
    Assets:FR:BforBank:Compte-Courant       -3.50 EUR

2025-09-18 * Cafe Nuances
    Expenses:Food:Cafe                    4.50 EUR
    Assets:UK:Revolut:Personal:EUR       -4.50 EUR

2025-09-18 * French Bastards breakfast
    Expenses:Food:Delivery         26.65 EUR
    Liabilities:FR:Amex:Gold      -26.65 EUR

2025-09-19 * Lunch
    Expenses:Food:OfficeLunch       12.90 EUR
    Assets:FR:Bimpli               -12.90 EUR

2025-09-19 * Cigarettes
    Expenses:Cigarettes                        13 EUR
    Assets:FR:BforBank:Compte-Courant         -13 EUR

2025-09-19 * HelloFresh Amex refund
    Liabilities:FR:Amex:Gold          10 EUR
    Expenses:Food:Groceries          -10 EUR

2025-09-19 * HelloFresh
    Expenses:Food:Groceries        48.94 EUR
    Liabilities:FR:Amex:Gold      -48.94 EUR

2025-09-20 * Charity
    Expenses:GiftsCharity:Charity           1 EUR
    Assets:Cash:EUR                        -1 EUR

2025-09-20 * Therapy
    Expenses:Health:Therapy          60 EUR
    Assets:Cash:EUR                 -60 EUR

2025-09-20 * Beeminder fine
    Expenses:Subscriptions:Software        4.32 EUR
    Assets:UK:Revolut:Personal:EUR        -4.32 EUR

2025-09-20 * Pain au chocolat and cafe
    Expenses:Food:Snack                   3.30 EUR
    Assets:UK:Revolut:Personal:EUR       -3.30 EUR

2025-09-20 * Crepe
    Expenses:Food:Snack                      4 EUR
    Assets:UK:Revolut:Personal:EUR          -4 EUR

2025-09-21 * Crepe
    Expenses:Food:Snack           4 EUR
    Assets:Cash:EUR              -4 EUR

2025-09-21 * Dott pass
    Expenses:Transportation:Bikesharing        5.99 EUR
    Liabilities:FR:Amex:Gold                  -5.99 EUR

2025-09-21 * Dott ride
    Expenses:Transportation:Bikesharing        1.75 EUR
    Liabilities:FR:Amex:Gold                  -1.75 EUR

2025-09-22 * Cigarettes
    Expenses:Cigarettes                        13 EUR
    Assets:FR:BforBank:Compte-Courant         -13 EUR

2025-09-22 * Cigarettes
    Expenses:Cigarettes                        13 EUR
    Assets:FR:BforBank:Compte-Courant         -13 EUR

2025-09-22 * Fitness Park
    Expenses:Health:Gym                        78 EUR
    Assets:FR:BforBank:Compte-Courant         -78 EUR

2025-09-22 * Cigarettes
    Expenses:Cigarettes                        13 EUR
    Assets:FR:BforBank:Compte-Courant         -13 EUR

2025-09-22 * Transfer to Revolut
    Assets:UK:Revolut:Personal:EUR            500 EUR
    Assets:FR:BforBank:Compte-Courant        -500 EUR

2025-09-22 * Cash withdrawal
    Assets:Cash:EUR                            60 EUR
    Assets:FR:BforBank:Compte-Courant         -60 EUR

2025-09-22 * Refund Alan
    Assets:FR:BforBank:Compte-Courant        8.39 EUR
    Expenses:Health:Doctor                  -8.39 EUR

2025-09-22 * Refund Alan
    Assets:FR:BforBank:Compte-Courant       17.85 EUR
    Expenses:Health:Doctor                 -17.85 EUR

2025-09-22 * Buy AW Bimpli card credit
    Assets:FR:Bimpli                  490.18 EUR @@ 425 GBP
    Equity:Conversion:EUR-GBP:EUR               -490.18 EUR
    Equity:Conversion:EUR-GBP:GBP                   425 GBP
    Assets:UK:HSBC:Current-Account                 -425 GBP

2025-09-22 * Cafe Nuances
    Expenses:Food:Cafe                    7.70 EUR
    Assets:UK:Revolut:Personal:EUR       -7.70 EUR

2025-09-22 * McDonald's
    Expenses:Food:FastFood                5.50 EUR
    Assets:UK:Revolut:Personal:EUR       -5.50 EUR

2025-09-22 * Deliveroo fee
    Expenses:Food:OfficeLunch        2.15 EUR
    Liabilities:FR:Amex:Gold        -2.15 EUR

2025-09-22 * Dott ride
    Expenses:Transportation:Bikesharing        1.75 EUR
    Liabilities:FR:Amex:Gold                  -1.75 EUR

2025-09-23 * Refund Alan
    Assets:FR:BforBank:Compte-Courant       26.35 EUR
    Expenses:Health:Doctor                 -26.35 EUR

2025-09-23 * Cigarettes
    Expenses:Cigarettes                        13 EUR
    Assets:FR:BforBank:Compte-Courant         -13 EUR

2025-09-23 * Tennis court booking Paris Tennis with Arnaud
    Expenses:Health:Sport:Tennis               12 EUR
    Assets:FR:BforBank:Compte-Courant         -12 EUR

2025-09-23 * Cafe Nuances
    Expenses:Food:Cafe                       5 EUR
    Assets:UK:Revolut:Personal:EUR          -5 EUR

2025-09-23 * Cigarettes
    Expenses:Cigarettes                     13 EUR
    Assets:UK:Revolut:Personal:EUR         -13 EUR

2025-09-24 * Pepins restaurant
    Expenses:Food:Restaurants               39.88 EUR
    Assets:FR:BforBank:Compte-Courant      -39.88 EUR

2025-09-24 * Crepe Creme de Paris
    Expenses:Food:Snack                      5 EUR
    Assets:UK:Revolut:Personal:EUR          -5 EUR

2025-09-24 * Ground Control
    Expenses:Entertainment:Social:Bars           9 EUR
    Assets:UK:Revolut:Personal:EUR              -9 EUR

2025-09-24 * Durum with Isky
    Expenses:Food:FastFood                  18 EUR
    Assets:UK:Revolut:Personal:EUR         -18 EUR

2025-09-25 * Baguette and Pain au chocolat
    Expenses:Food:Groceries        2.60 EUR
    Assets:Cash:EUR               -2.60 EUR

2025-09-25 * Tax residual 2024
    Expenses:Taxes                            228 EUR
    Assets:FR:BforBank:Compte-Courant        -228 EUR

2025-09-25 * Cigarettes
    Expenses:Cigarettes                        13 EUR
    Assets:FR:BforBank:Compte-Courant         -13 EUR

2025-09-25 * Car Rental Insurance
    Assets:FR:BforBank:Compte-Courant         200 EUR
    Expenses:Transportation:CarRental        -200 EUR
    Liabilities:Payables:Aurelie               75 EUR
    Expenses:Transportation:CarRental         -75 EUR

2025-09-25 * Poke Go
    Expenses:Food:OfficeLunch            15.90 EUR
    Assets:UK:Revolut:Personal:EUR      -15.90 EUR

2025-09-25 * HelloFresh
    Expenses:Food:Groceries        40.94 EUR
    Liabilities:FR:Amex:Gold      -40.94 EUR

2025-09-25 * HelloFresh
    Expenses:Food:Groceries            5 EUR
    Liabilities:FR:Amex:Gold          -5 EUR

2025-09-26 * Cigarettes
    Expenses:Cigarettes          13 EUR
    Assets:Cash:EUR             -13 EUR

2025-09-26 * MS Terapy
    Expenses:PersonalCare:Discretionary         200 EUR
    Assets:Cash:EUR                            -200 EUR

2025-09-26 * SFR
    Expenses:Home:Utilities:MobilePhone       11.99 EUR
    Assets:FR:BforBank:Compte-Courant        -11.99 EUR

2025-09-26 * Ticket PSG
    Expenses:Entertainment:Events:Sports         295 EUR
    Assets:FR:BforBank:Compte-Courant           -295 EUR

2025-09-26 * Dott ride
    Expenses:Transportation:Bikesharing        1.75 EUR
    Liabilities:FR:Amex:Gold                  -1.75 EUR

2025-09-27 * Scouts Calendar
    Expenses:GiftsCharity:Charity           5 EUR
    Assets:Cash:EUR                        -5 EUR

2025-09-27 * Beeminder fine
    Expenses:Subscriptions:Software        4.34 EUR
    Assets:UK:Revolut:Personal:EUR        -4.34 EUR

2025-09-27 * Beeminder fine
    Expenses:Subscriptions:Software        4.34 EUR
    Assets:UK:Revolut:Personal:EUR        -4.34 EUR

2025-09-27 * Cafe and pain au chocolat
    Expenses:Food:Snack                      3 EUR
    Assets:UK:Revolut:Personal:EUR          -3 EUR

2025-09-27 * Dott ride
    Expenses:Transportation:Bikesharing        1.75 EUR
    Liabilities:FR:Amex:Gold                  -1.75 EUR

2025-09-28 * Alma Cafe with Aurelie
    Expenses:Food:Cafe                    9.40 EUR
    Assets:UK:Revolut:Personal:EUR       -9.40 EUR

2025-09-28 * Ice Cream
    Expenses:Food:Snack                      4 EUR
    Assets:UK:Revolut:Personal:EUR          -4 EUR

2025-09-28 * Cigarettes
    Expenses:Cigarettes                     13 EUR
    Assets:UK:Revolut:Personal:EUR         -13 EUR

2025-09-28 * Drinks Le Drapeau
    Expenses:Entertainment:Social:Bars        9.30 EUR
    Assets:UK:Revolut:Personal:EUR           -9.30 EUR

2025-09-28 * Nido restaurant
    Expenses:Food:Restaurants          60 EUR
    Liabilities:FR:Amex:Gold          -60 EUR

2025-09-29 * Baguette
    Expenses:Food:Groceries        1.35 EUR
    Assets:Cash:EUR               -1.35 EUR

2025-09-29 * Lunch
    Expenses:Food:OfficeLunch          16 EUR
    Assets:FR:Bimpli                  -16 EUR

2025-09-29 * Cash withdrawal
    Assets:Cash:EUR                            20 EUR
    Assets:FR:BforBank:Compte-Courant         -20 EUR

2025-09-29 * Cash withdrawal
    Assets:Cash:EUR                           200 EUR
    Assets:FR:BforBank:Compte-Courant        -200 EUR

2025-09-29 * Swile ex-lunchr credit
    Assets:FR:BforBank:Compte-Courant        0.30 EUR
    Expenses:Food:OfficeLunch               -0.30 EUR

2025-09-29 * Beeminder fine
    Expenses:Subscriptions:Software        4.30 EUR
    Assets:UK:Revolut:Personal:EUR        -4.30 EUR

2025-09-29 * Beeminder fine
    Expenses:Subscriptions:Software        4.30 EUR
    Assets:UK:Revolut:Personal:EUR        -4.30 EUR

2025-09-29 * Beeminder fine
    Expenses:Subscriptions:Software        4.30 EUR
    Assets:UK:Revolut:Personal:EUR        -4.30 EUR

2025-09-29 * Cafe Nuances
    Expenses:Food:Cafe                    4.50 EUR
    Assets:UK:Revolut:Personal:EUR       -4.50 EUR

2025-09-29 * Tennis racket gift
    Expenses:GiftsCharity:Gifts      179.77 EUR
    Liabilities:FR:Amex:Gold        -179.77 EUR

2025-09-30 * Unaccounted cash expenses
    Expenses:Misc:Unaccounted       24.25 EUR
    Assets:Cash:EUR                -24.25 EUR

2025-09-30 * Lunch
    Expenses:Food:OfficeLunch          11 EUR
    Assets:FR:Bimpli                  -11 EUR

2025-09-30 * Cafe Nuances
    Expenses:Food:Cafe                    4.50 EUR
    Assets:UK:Revolut:Personal:EUR       -4.50 EUR

2025-09-30 * Drinks Cafe de la Place with Aurelie
    Expenses:Entertainment:Social:Bars          30 EUR
    Assets:UK:Revolut:Personal:EUR             -30 EUR

2025-09-30 * Velib
    Expenses:Transportation:Bikesharing          10 EUR
    Liabilities:FR:Amex:Gold                    -10 EUR

2025-10-01 * 111 Capital wage
    Assets:FR:BforBank:Compte-Courant     6,371.58 EUR
    Income:FR:111Capital:Salary          -6,371.58 EUR

2025-10-01 * Cigarettes
    Expenses:Cigarettes                        13 EUR
    Assets:FR:BforBank:Compte-Courant         -13 EUR

2025-10-01 * Fisherman's Friend
    Expenses:Food:Snack                         2 EUR
    Assets:FR:BforBank:Compte-Courant          -2 EUR

2025-10-01 * Tennis court booking Paris Tennis with Aurelie
    Expenses:Health:Sport:Tennis               12 EUR
    Assets:FR:BforBank:Compte-Courant         -12 EUR

2025-10-01 * Cafe Nuances
    Expenses:Food:Cafe                   11.43 EUR
    Assets:UK:Revolut:Personal:EUR      -11.43 EUR

2025-10-02 * Gave cash to mum
    Expenses:GiftsCharity:Gifts           2 EUR
    Assets:Cash:EUR                      -2 EUR

2025-10-02 * Rent Citeaux
    Expenses:Home:Rent                     1,330. EUR
    Assets:FR:BforBank:Compte-Courant     -1,330. EUR

2025-10-02 * Cigarettes
    Expenses:Cigarettes                        13 EUR
    Assets:FR:BforBank:Compte-Courant         -13 EUR

2025-10-02 * Navigo
    Expenses:Transportation:PublicTransport       88.80 EUR
    Assets:FR:BforBank:Compte-Courant            -88.80 EUR

2025-10-02 * Crepe Mama Mia
    Expenses:Food:Snack                      4 EUR
    Assets:UK:Revolut:Personal:EUR          -4 EUR

2025-10-03 * Hotel La Bourdonnais Cocktail
    Expenses:Entertainment:Social:Bars          15 EUR
    Assets:UK:Revolut:Personal:EUR             -15 EUR

2025-10-03 * Velib
    Expenses:Transportation:Bikesharing           2 EUR
    Liabilities:FR:Amex:Gold                     -2 EUR

2025-10-03 * HelloFresh
    Expenses:Food:Groceries        48.94 EUR
    Liabilities:FR:Amex:Gold      -48.94 EUR

2025-10-03 * Dott
    Expenses:Transportation:Bikesharing        8.14 EUR
    Liabilities:FR:Amex:Gold                  -8.14 EUR

2025-10-03 * Dott
    Expenses:Transportation:Bikesharing        1.75 EUR
    Liabilities:FR:Amex:Gold                  -1.75 EUR

2025-10-03 * Deliveroo Five Guys
    Expenses:Food:OfficeLunch       19.20 EUR
    Liabilities:FR:Amex:Gold       -19.20 EUR

2025-10-04 * Crepe
    Expenses:Food:Snack           4 EUR
    Assets:Cash:EUR              -4 EUR

2025-10-04 * Therapy
    Expenses:Health:Therapy         120 EUR
    Assets:Cash:EUR                -120 EUR

2025-10-04 * Charity
    Expenses:GiftsCharity:Charity        0.50 EUR
    Assets:Cash:EUR                     -0.50 EUR

2025-10-04 * Hairdresser
    Expenses:PersonalCare:Hair          12 EUR
    Assets:Cash:EUR                    -12 EUR

2025-10-04 * Ls Milagro Restaurant
    Expenses:Food:Restaurants                  75 EUR
    Assets:FR:BforBank:Compte-Courant         -75 EUR

2025-10-04 * Cash withdrawal
    Assets:Cash:EUR                           140 EUR
    Assets:FR:BforBank:Compte-Courant        -140 EUR

2025-10-04 * Cafe painchoc and croissant
    Expenses:Food:Snack                   6.50 EUR
    Assets:UK:Revolut:Personal:EUR       -6.50 EUR

2025-10-04 * Javey Bistrot drinks with Aurelie
    Expenses:Entertainment:Social:Bars        9.40 EUR
    Assets:UK:Revolut:Personal:EUR           -9.40 EUR

2025-10-04 * Cigarettes
    Expenses:Cigarettes                  13.30 EUR
    Assets:UK:Revolut:Personal:EUR      -13.30 EUR

2025-10-04 * R2 Training
    Expenses:Health:Gym              179 EUR
    Liabilities:FR:Amex:Gold        -179 EUR

2025-10-05 * ChatGPT subscription for mum
    Expenses:GiftsCharity:Gifts             21.99 EUR
    Assets:FR:BforBank:Compte-Courant      -21.99 EUR

2025-10-05 * MacroFactor subscription
    Expenses:Subscriptions:Software         13.99 EUR
    Assets:FR:BforBank:Compte-Courant      -13.99 EUR

2025-10-05 * Settle liability with Aurelie
    Liabilities:Payables:Aurelie                8 EUR
    Assets:FR:BforBank:Compte-Courant          -8 EUR

2025-10-05 * Brunch with Glenn
    Expenses:Food:Restaurants               30 EUR
    Assets:UK:Revolut:Personal:EUR         -30 EUR

2025-10-05 * Dott
    Expenses:Transportation:Bikesharing        1.75 EUR
    Liabilities:FR:Amex:Gold                  -1.75 EUR

2025-10-05 * Dott
    Expenses:Transportation:Bikesharing        1.75 EUR
    Liabilities:FR:Amex:Gold                  -1.75 EUR

2025-10-05 * Dott
    Expenses:Transportation:Bikesharing        1.75 EUR
    Liabilities:FR:Amex:Gold                  -1.75 EUR

2025-10-06 * Transfer to CCF joint-account
    Equity:Capital:Huchon:Jean               2.40 EUR
    Assets:FR:BforBank:Compte-Courant       -2.40 EUR

2025-10-06 * Cigarettes
    Expenses:Cigarettes                        13 EUR
    Assets:FR:BforBank:Compte-Courant         -13 EUR

2025-10-06 * Beeminder fine
    Expenses:Subscriptions:Software        4.29 EUR
    Assets:UK:Revolut:Personal:EUR        -4.29 EUR

2025-10-06 * Drinks with Auguste
    Expenses:Entertainment:Social:Bars          12 EUR
    Assets:UK:Revolut:Personal:EUR             -12 EUR

2025-10-06 * Amex subscription
    Expenses:Finance:CreditCard          16 EUR
    Liabilities:FR:Amex:Gold            -16 EUR

2025-10-06 * Deliveroo fee
    Expenses:Food:OfficeLunch        2.15 EUR
    Liabilities:FR:Amex:Gold        -2.15 EUR

2025-10-06 * Wooden floors deposit  ; flat-vincennes:
    Expenses:Home:Improvements             1,000. EUR
    Liabilities:FR:Amex:Gold              -1,000. EUR
    Assets:Receivables:Aurelie                500 EUR
    Expenses:Home:Improvements               -500 EUR
    Assets:FR:BforBank:Compte-Courant         500 EUR
    Assets:Receivables:Aurelie               -500 EUR

2025-10-07 * Lunch
    Expenses:Food:OfficeLunch          11 EUR
    Assets:FR:Bimpli                  -11 EUR

2025-10-07 * Kine Boetie
    Expenses:Health:Doctor                    110 EUR
    Assets:FR:BforBank:Compte-Courant        -110 EUR

2025-10-07 * Transfer to Revolut
    Assets:UK:Revolut:Personal:GBP         100 GBP
    Assets:UK:HSBC:Current-Account        -100 GBP

2025-10-07 * Transfer to Revolut
    Assets:UK:Revolut:Personal:GBP     17,200. GBP
    Assets:UK:HSBC:Current-Account    -17,200. GBP

2025-10-07 * Cafe Nuances
    Expenses:Food:Cafe                    8.55 EUR
    Assets:UK:Revolut:Personal:EUR       -8.55 EUR

2025-10-07 * Buy EUR with GBP
    Assets:UK:Revolut:Personal:EUR    19,898.42 EUR @@ 17,300. GBP
    Equity:Conversion:EUR-GBP:EUR                   -19,898.42 EUR
    Equity:Conversion:EUR-GBP:GBP                      17,300. GBP
    Assets:UK:Revolut:Personal:GBP                    -17,300. GBP

2025-10-07 * Transfer to CCF joint-account
    Equity:Capital:Huchon:Jean             100 EUR
    Assets:UK:Revolut:Personal:EUR        -100 EUR

2025-10-07 * Transfer to CCF joint-account
    Equity:Capital:Huchon:Jean         17,900. EUR
    Assets:UK:Revolut:Personal:EUR    -17,900. EUR

2025-10-07 * Stamp letter for AW
    Expenses:Misc                         7.30 EUR
    Assets:UK:Revolut:Personal:EUR       -7.30 EUR

2025-10-07 * Cigarettes
    Expenses:Cigarettes                     13 EUR
    Assets:UK:Revolut:Personal:EUR         -13 EUR

2025-10-07 * Toothpaste
    Expenses:Health:Pharmacy        7.65 EUR
    Liabilities:FR:Amex:Gold       -7.65 EUR

2025-10-08 * Cigarettes + Briquet
    Expenses:Cigarettes                        15 EUR
    Assets:FR:BforBank:Compte-Courant         -15 EUR

2025-10-08 * ChatGPT subscription
    Expenses:Subscriptions:Software       19.17 EUR
    Assets:UK:Revolut:Personal:EUR       -19.17 EUR

2025-10-08 * Cigarettes
    Expenses:Cigarettes                     13 EUR
    Assets:UK:Revolut:Personal:EUR         -13 EUR

2025-10-08 * DIY class Leroy-Merlin
    Expenses:Home:Maintenance          25 EUR
    Liabilities:FR:Amex:Gold          -25 EUR

2025-10-09 * Flowers for Aurelie
    Expenses:GiftsCharity:Gifts                40 EUR
    Assets:FR:BforBank:Compte-Courant         -40 EUR

2025-10-09 * Restaurant Bar Le Shack  ; aurelie:
    Expenses:Food:Restaurants          80 EUR
    Liabilities:FR:Amex:Gold          -80 EUR

2025-10-10 * Cigarettes
    Expenses:Cigarettes                        13 EUR
    Assets:FR:BforBank:Compte-Courant         -13 EUR

2025-10-10 * Grok subscription
    Expenses:Subscriptions:Software         33.99 EUR
    Assets:FR:BforBank:Compte-Courant      -33.99 EUR

2025-10-10 * Carrefour
    Expenses:Food:Groceries              23.03 EUR
    Assets:UK:Revolut:Personal:EUR      -23.03 EUR

2025-10-10 * Amex gold settlement
    Liabilities:FR:Amex:Gold               958.82 EUR
    Assets:FR:BforBank:Compte-Courant     -958.82 EUR

2025-10-10 * Deliveroo fee
    Expenses:Food:OfficeLunch        2.22 EUR
    Liabilities:FR:Amex:Gold        -2.22 EUR

2025-10-10 * HelloFresh
    Expenses:Food:Groceries        48.94 EUR
    Liabilities:FR:Amex:Gold      -48.94 EUR

2025-10-11 * Beeminder fine
    Expenses:Subscriptions:Software        4.33 EUR
    Assets:UK:Revolut:Personal:EUR        -4.33 EUR

2025-10-11 * Beeminder fine
    Expenses:Subscriptions:Software        4.33 EUR
    Assets:UK:Revolut:Personal:EUR        -4.33 EUR

2025-10-11 * Lebara mobile
    Expenses:Home:Utilities:MobilePhone        5.77 EUR
    Assets:UK:Revolut:Personal:EUR            -5.77 EUR

2025-10-11 * Cigarettes
    Expenses:Cigarettes                     13 EUR
    Assets:UK:Revolut:Personal:EUR         -13 EUR

2025-10-11 * Pan Bar
    Expenses:Entertainment:Events          60 EUR
    Liabilities:FR:Amex:Gold              -60 EUR

2025-10-11 * Pan Bar drinks and food
    Expenses:Entertainment:Social:Bars          54 EUR
    Liabilities:FR:Amex:Gold                   -54 EUR

2025-10-12 * Cigarettes
    Expenses:Cigarettes                     13 EUR
    Assets:UK:Revolut:Personal:EUR         -13 EUR

2025-10-13 * Baguette
    Expenses:Food:Groceries        1.35 EUR
    Assets:Cash:EUR               -1.35 EUR

2025-10-13 * Lunch Kayser
    Expenses:Food:OfficeLunch          16 EUR
    Assets:FR:Bimpli                  -16 EUR

2025-10-13 * Tennis court booking Paris Tennis for lesson
    Expenses:Health:Sport:Tennis               12 EUR
    Assets:FR:BforBank:Compte-Courant         -12 EUR

2025-10-13 * Charles consultation
    Expenses:Health:Doctor                     35 EUR
    Assets:FR:BforBank:Compte-Courant         -35 EUR

2025-10-13 * Tennis classes Match Point
    Expenses:Health:Sport:Tennis              785 EUR
    Assets:FR:BforBank:Compte-Courant        -785 EUR

2025-10-13 * Cigarettes
    Expenses:Cigarettes                     13 EUR
    Assets:UK:Revolut:Personal:EUR         -13 EUR

2025-10-14 * Lunch becchi
    Expenses:Food:OfficeLunch       21.30 EUR
    Assets:FR:Bimpli               -21.30 EUR

2025-10-14 * Refund Alan physiotherapy
    Assets:FR:BforBank:Compte-Courant       42.42 EUR
    Expenses:Health:Doctor                 -42.42 EUR

2025-10-14 * Refund Alan physiotherapy
    Assets:FR:BforBank:Compte-Courant       42.42 EUR
    Expenses:Health:Doctor                 -42.42 EUR

2025-10-14 * Transfer to LDDS
    Assets:FR:CCF:LDDS                  10 EUR
    Equity:Capital:Huchon:Jean         -10 EUR

2025-10-14 * Cafe Nuances
    Expenses:Food:Cafe                    4.50 EUR
    Assets:UK:Revolut:Personal:EUR       -4.50 EUR

2025-10-14 * Cigarettes
    Expenses:Cigarettes                     13 EUR
    Assets:UK:Revolut:Personal:EUR         -13 EUR

2025-10-14 * Fisherman's Friend
    Expenses:Food:Snack                   2.70 EUR
    Assets:UK:Revolut:Personal:EUR       -2.70 EUR

2025-10-14 * Charles prescription
    Expenses:Health:Pharmacy          95 EUR
    Liabilities:FR:Amex:Gold         -95 EUR

2025-10-15 * Lunch Mister Garden
    Expenses:Food:OfficeLunch       18.80 EUR
    Assets:FR:Bimpli               -18.80 EUR

2025-10-15 * Refund CPAM
    Assets:FR:BforBank:Compte-Courant       21.16 EUR
    Expenses:Health:Doctor                 -21.16 EUR

2025-10-15 * SNCF Haut-de-France TER card
    Expenses:Travel:Train                   30 EUR
    Assets:UK:Revolut:Personal:EUR         -30 EUR

2025-10-15 * Le Rubis - Drinks with Isky
    Expenses:Entertainment:Social:Bars       13.40 EUR
    Assets:UK:Revolut:Personal:EUR          -13.40 EUR

2025-10-16 * Cigarettes
    Expenses:Cigarettes          13 EUR
    Assets:Cash:EUR             -13 EUR

2025-10-16 * Therapy
    Expenses:Health:Therapy         120 EUR
    Assets:Cash:EUR                -120 EUR

2025-10-16 * Beer
    Expenses:Entertainment:Social:Bars           5 EUR
    Assets:Cash:EUR                             -5 EUR

2025-10-16 * Lunch Bistropolitain
    Expenses:Food:OfficeLunch       12.90 EUR
    Assets:FR:Bimpli               -12.90 EUR

2025-10-16 * Cigarettes
    Expenses:Cigarettes                        13 EUR
    Assets:FR:BforBank:Compte-Courant         -13 EUR

2025-10-16 * Cash withdrawal
    Assets:Cash:EUR                           160 EUR
    Assets:FR:BforBank:Compte-Courant        -160 EUR

2025-10-16 * Beeminder fine
    Expenses:Subscriptions:Software        4.32 EUR
    Assets:UK:Revolut:Personal:EUR        -4.32 EUR

2025-10-16 * Beeminder fine
    Expenses:Subscriptions:Software        4.32 EUR
    Assets:UK:Revolut:Personal:EUR        -4.32 EUR

2025-10-16 * Beeminder fine
    Expenses:Subscriptions:Software        4.32 EUR
    Assets:UK:Revolut:Personal:EUR        -4.32 EUR

2025-10-16 * Carrefour
    Expenses:Food:Groceries               3.70 EUR
    Assets:UK:Revolut:Personal:EUR       -3.70 EUR

2025-10-16 * Dott ride
    Expenses:Transportation:Bikesharing        1.75 EUR
    Liabilities:FR:Amex:Gold                  -1.75 EUR

2025-10-17 * Tennis lesson with Joris
    Expenses:Health:Sport:Tennis          40 EUR
    Assets:Cash:EUR                      -40 EUR

2025-10-17 * Tennis lesson Touquet Tennis Club
    Expenses:Health:Sport:Tennis               35 EUR
    Liabilities:Payables:Aurelie              -35 EUR
    Liabilities:Payables:Aurelie               35 EUR
    Assets:FR:BforBank:Compte-Courant         -35 EUR

2025-10-17 * Tickets Paris Masters 2025  ; aurelie:
    Expenses:Entertainment:Events:Sports          44 EUR
    Assets:FR:BforBank:Compte-Courant            -44 EUR

2025-10-17 * Cash witdrawal
    Assets:Cash:EUR                            20 EUR
    Assets:FR:BforBank:Compte-Courant         -20 EUR

2025-10-17 * Cafe Nuances
    Expenses:Food:Cafe                    4.50 EUR
    Assets:UK:Revolut:Personal:EUR       -4.50 EUR

2025-10-17 * Cigarettes
    Expenses:Cigarettes                     13 EUR
    Assets:UK:Revolut:Personal:EUR         -13 EUR

2025-10-17 * Water bottle
    Expenses:Food:Snack                      2 EUR
    Assets:UK:Revolut:Personal:EUR          -2 EUR

2025-10-17 * Sandwich train Touquet  ; aurelie:
    Expenses:Food:Snack                  13.55 EUR
    Assets:UK:Revolut:Personal:EUR      -13.55 EUR

2025-10-17 * Dott ride
    Expenses:Transportation:Bikesharing        1.75 EUR
    Liabilities:FR:Amex:Gold                  -1.75 EUR

2025-10-18 * Fitness Park
    Expenses:Health:Gym                        60 EUR
    Assets:FR:BforBank:Compte-Courant         -60 EUR

2025-10-18 * EDF
    Expenses:Home:Utilities:Electricity       52.69 EUR
    Assets:FR:BforBank:Compte-Courant        -52.69 EUR

2025-10-18 * Lola et Smith cafe  ; aurelie:
    Expenses:Food:Cafe                       8 EUR
    Assets:UK:Revolut:Personal:EUR          -8 EUR

2025-10-18 * Cigarettes
    Expenses:Cigarettes                     13 EUR
    Assets:UK:Revolut:Personal:EUR         -13 EUR

2025-10-18 * Waikiki drinks
    Expenses:Entertainment:Social:Bars        8.50 EUR
    Assets:UK:Revolut:Personal:EUR           -8.50 EUR

2025-10-20 * Lunch Bistropolitain
    Expenses:Food:OfficeLunch       12.90 EUR
    Assets:FR:Bimpli               -12.90 EUR

2025-10-20 * Beeminder fine
    Expenses:Subscriptions:Software        4.32 EUR
    Assets:UK:Revolut:Personal:EUR        -4.32 EUR

2025-10-20 * Cigarettes
    Expenses:Cigarettes                     15 EUR
    Assets:UK:Revolut:Personal:EUR         -15 EUR

2025-10-20 * Cafe Nuances
    Expenses:Food:Cafe                    9.45 EUR
    Assets:UK:Revolut:Personal:EUR       -9.45 EUR

2025-10-20 * On Your Whey - Protein drink
    Expenses:Food:Snack                   2.80 EUR
    Assets:UK:Revolut:Personal:EUR       -2.80 EUR

2025-10-20 * cojean - yoghurt dessert
    Expenses:Food:OfficeLunch             5.30 EUR
    Assets:UK:Revolut:Personal:EUR       -5.30 EUR

2025-10-21 * Lunch Petit Panda
    Expenses:Food:OfficeLunch          11 EUR
    Assets:FR:Bimpli                  -11 EUR

2025-10-21 * Tennis court booking Paris Tennis 10-hour package
    Expenses:Health:Sport:Tennis               87 EUR
    Assets:FR:BforBank:Compte-Courant         -87 EUR

2025-10-21 * Kayser
    Expenses:Food:Snack                        2.40 EUR
    Assets:FR:BoursoBank:Compte-Courant       -2.40 EUR

2025-10-21 * Transfer to Revolut
    Assets:UK:Revolut:Personal:GBP     32,690.54 GBP
    Assets:UK:HSBC:Current-Account    -32,690.54 GBP

2025-10-21 * Cigarettes
    Expenses:Cigarettes                     13 EUR
    Assets:UK:Revolut:Personal:EUR         -13 EUR

2025-10-21 * Buy EUR with GBP
    Assets:UK:Revolut:Personal:EUR    34,098.53 EUR @@ 29,632.18 GBP
    Equity:Conversion:EUR-GBP:EUR                     -34,098.53 EUR
    Equity:Conversion:EUR-GBP:GBP                      29,632.18 GBP
    Assets:UK:Revolut:Personal:GBP                    -29,632.18 GBP

2025-10-21 * Transfer to CCF
    Equity:Capital:Huchon:Jean         34,098.53 EUR
    Assets:UK:Revolut:Personal:EUR    -34,098.53 EUR

2025-10-21 * EPSOR PEI Valuation
    Assets:FR:Epsor:PEI                         2,108.11 EUR = 56,994.57 EUR
    Equity:UnrealisedCapitalGains:Epsor:PEI    -2,108.11 EUR

2025-10-21 * EPSOR PER valuation
    Assets:FR:Epsor:PER                         1,393.75 EUR = 37,356.04 EUR
    Equity:UnrealisedCapitalGains:Epsor:PER    -1,393.75 EUR

2025-10-21 * Withdrawal EPSOR
    Assets:FR:BforBank:Compte-Courant           92,095.56 EUR  ; amount received from Epsor after tax
    Assets:FR:Epsor:PEI                        -56,994.57 EUR  ; liquidate PEI full balance
    Assets:FR:Epsor:PER                        -37,356.04 EUR  ; liquidate PER full balance
    Expenses:Taxes                               2,255.05 EUR  ; taxes paid = 56994.57 + 37356.04 - 92095.56
    Equity:UnrealisedCapitalGains:Epsor:PEI      8,754.21 EUR  ; capital gains on Epsor PEI
    Equity:UnrealisedCapitalGains:Epsor:PER      2,636.17 EUR  ; capital gains on Epsor PER
    Income:CapitalGains:Epsor:PEI               -8,754.21 EUR  ; materialise capital gains on Epsor PEI
    Income:CapitalGains:Epsor:PER               -2,636.17 EUR  ; materialise capital gains on Epsor PER

2025-10-22 * Luko assurance  ; flat-vincennes:
    Expenses:Insurance:Home                160.44 EUR
    Assets:FR:BforBank:Compte-Courant     -160.44 EUR
    Assets:Receivables:Aurelie              80.22 EUR
    Expenses:Insurance:Home                -80.22 EUR

2025-10-22 * Loan from Mum
    Equity:Capital:Huchon:Jean         100 EUR
    Liabilities:Payables:Mum          -100 EUR

2025-10-22 * Loan from Isky
    Equity:Capital:Huchon:Jean            100 EUR
    Liabilities:Payables:Iskander        -100 EUR

2025-10-22 * Loan from Isky
    Equity:Capital:Huchon:Jean         9,900. EUR
    Liabilities:Payables:Iskander     -9,900. EUR

2025-10-22 * Lunch at Bagnard with Anne
    Expenses:Food:OfficeLunch               30 EUR
    Assets:UK:Revolut:Personal:EUR         -30 EUR

2025-10-22 * Cigarettes
    Expenses:Cigarettes                     13 EUR
    Assets:UK:Revolut:Personal:EUR         -13 EUR

2025-10-22 * Beeminder fines bundled
    Expenses:Subscriptions:Software       26.31 GBP
    Assets:UK:Revolut:Personal:GBP       -26.31 GBP

2025-10-23 * Cigarettes
    Expenses:Cigarettes          13 EUR
    Assets:Cash:EUR             -13 EUR

2025-10-23 * Lunch Mister Garden
    Expenses:Food:OfficeLunch       15.30 EUR
    Assets:FR:Bimpli               -15.30 EUR

2025-10-23 * Transfer to CCF joint-account
    Equity:Capital:Huchon:Jean                100 EUR
    Assets:FR:BforBank:Compte-Courant        -100 EUR

2025-10-23 * Cash withdrawal
    Assets:Cash:EUR                            20 EUR
    Assets:FR:BforBank:Compte-Courant         -20 EUR

2025-10-23 * Loan from Isky
    Equity:Capital:Huchon:Jean        15,000. EUR
    Liabilities:Payables:Iskander    -15,000. EUR

2025-10-23 * Cafe Nuances
    Expenses:Food:Cafe                       9 EUR
    Assets:UK:Revolut:Personal:EUR          -9 EUR

2025-10-24 * Durum Saint-Michel
    Expenses:Food:FastFood        8.90 EUR
    Assets:FR:Bimpli             -8.90 EUR

2025-10-24 * Transfer to CCF joint-account
    Equity:Capital:Huchon:Jean            29,900. EUR
    Assets:FR:BforBank:Compte-Courant    -29,900. EUR

2025-10-24 * SFR
    Expenses:Home:Utilities:MobilePhone       11.99 EUR
    Assets:FR:BforBank:Compte-Courant        -11.99 EUR

2025-10-24 * Loan from Mum
    Equity:Capital:Huchon:Jean     29,900. EUR
    Liabilities:Payables:Mum      -29,900. EUR

2025-10-24 * Kayser
    Expenses:Food:Snack                   2.20 EUR
    Assets:UK:Revolut:Personal:EUR       -2.20 EUR

2025-10-24 * Cigarettes
    Expenses:Cigarettes                     13 EUR
    Assets:UK:Revolut:Personal:EUR         -13 EUR

2025-10-24 * The Highlander Scottish Pub
    Expenses:Entertainment:Social:Bars          27 EUR
    Assets:UK:Revolut:Personal:EUR             -27 EUR

2025-10-24 * Dott pass
    Expenses:Transportation:Bikesharing        5.99 EUR
    Liabilities:FR:Amex:Gold                  -5.99 EUR

2025-10-24 * Dott ride
    Expenses:Transportation:Bikesharing        2.44 EUR
    Liabilities:FR:Amex:Gold                  -2.44 EUR

2025-10-24 * Dott ride
    Expenses:Transportation:Bikesharing        1.75 EUR
    Liabilities:FR:Amex:Gold                  -1.75 EUR

2025-10-24 * Deliveroo fee
    Expenses:Food:OfficeLunch        2.22 EUR
    Liabilities:FR:Amex:Gold        -2.22 EUR

2025-10-25 * Unaccounted cash expenses
    Expenses:Misc:Unaccounted        8.10 EUR
    Assets:Cash:EUR                 -8.10 EUR

2025-10-25 * Beeminder fines bundled
    Expenses:Subscriptions:Software       15.08 GBP
    Assets:UK:Revolut:Personal:GBP       -15.08 GBP

2025-10-25 * Cafe and pain au chocolat
    Expenses:Food:Cafe                    5.20 EUR
    Assets:UK:Revolut:Personal:EUR       -5.20 EUR

2025-10-25 * Toilets Westfield La Defense
    Expenses:Misc                            1 EUR
    Assets:UK:Revolut:Personal:EUR          -1 EUR

2025-10-25 * Starbucks
    Expenses:Food:Cafe                    5.70 EUR
    Assets:UK:Revolut:Personal:EUR       -5.70 EUR

2025-10-25 * McDonald's
    Expenses:Food:FastFood                5.90 EUR
    Assets:UK:Revolut:Personal:EUR       -5.90 EUR

2025-10-25 * Carrefour
    Expenses:Food:Groceries              14.70 EUR
    Assets:UK:Revolut:Personal:EUR      -14.70 EUR

2025-10-25 * Vente Unique bed  ; flat-vincennes:
    Expenses:Home:Furniture         635.99 EUR
    Liabilities:FR:Amex:Gold       -635.99 EUR
    Assets:Receivables:Aurelie         318 EUR
    Expenses:Home:Furniture           -318 EUR

2025-10-26 * Cigarettes
    Expenses:Cigarettes          13 EUR
    Assets:Cash:EUR             -13 EUR

2025-10-26 * Cigarettes
    Expenses:Cigarettes          13 EUR
    Assets:Cash:EUR             -13 EUR

2025-10-26 * Repay loan from Isky
    Liabilities:Payables:Iskander             100 EUR
    Assets:FR:BforBank:Compte-Courant        -100 EUR

2025-10-26 * Cash withdrawal
    Assets:Cash:EUR                            20 EUR
    Assets:FR:BforBank:Compte-Courant         -20 EUR

2025-10-26 * Repay loan from Mum
    Liabilities:Payables:Mum           100 EUR
    Equity:Capital:Huchon:Jean        -100 EUR

2025-10-26 * Dott ride
    Expenses:Transportation:Bikesharing        1.75 EUR
    Liabilities:FR:Amex:Gold                  -1.75 EUR

2025-10-26 * Dott ride
    Expenses:Transportation:Bikesharing        1.75 EUR
    Liabilities:FR:Amex:Gold                  -1.75 EUR

2025-10-27 * Lunch Bagnard
    Expenses:Food:OfficeLunch          18 EUR
    Assets:FR:Bimpli                  -18 EUR

2025-10-27 * Balance assignment as seen on receipt from Bagnard
    Assets:FR:Bimpli                -3.10 EUR = 301.08 EUR
    Expenses:Food:OfficeLunch        3.10 EUR

2025-10-27 * Repay loan from Isky
    Liabilities:Payables:Iskander         24,900. EUR
    Assets:FR:BforBank:Compte-Courant    -24,900. EUR

2025-10-27 * Crepe
    Expenses:Food:Snack                      4 EUR
    Assets:UK:Revolut:Personal:EUR          -4 EUR

2025-10-28 * Lunch Petit Panda
    Expenses:Food:OfficeLunch          11 EUR
    Assets:FR:Bimpli                  -11 EUR

2025-10-28 * Repay loan from Mum
    Liabilities:Payables:Mum       29,900. EUR
    Equity:Capital:Huchon:Jean    -29,900. EUR

2025-10-28 * Deliveroo  ; aurelie:
    Expenses:Food:Delivery         29.69 EUR
    Liabilities:FR:Amex:Gold      -29.69 EUR

2025-10-29 * Cash withdrawal
    Assets:Cash:EUR                            20 EUR
    Assets:FR:BforBank:Compte-Courant         -20 EUR

2025-10-29 * Sandwich Saint Mande
    Expenses:Food:Snack                      8.90 EUR
    Assets:FR:BforBank:Compte-Courant       -8.90 EUR

2025-10-29 * Cigarettes
    Expenses:Cigarettes                        13 EUR
    Assets:FR:BforBank:Compte-Courant         -13 EUR

2025-10-29 * Fisherman's Friend
    Expenses:Food:Snack                      2.50 EUR
    Assets:FR:BforBank:Compte-Courant       -2.50 EUR

2025-10-29 * Cafe Ounissi  ; aurelie:
    Expenses:Food:Cafe                       6.20 EUR
    Assets:FR:BforBank:Compte-Courant       -6.20 EUR

2025-10-29 * Cigarettes
    Expenses:Cigarettes                     13 EUR
    Assets:UK:Revolut:Personal:EUR         -13 EUR

2025-10-29 * Drinks
    Expenses:Entertainment:Social:Bars       18.80 EUR
    Assets:UK:Revolut:Personal:EUR          -18.80 EUR

2025-10-29 * Carrefour
    Expenses:Food:Groceries               1.95 EUR
    Assets:UK:Revolut:Personal:EUR       -1.95 EUR

2025-10-29 * As de Carreaux  ; flat-vincennes:
    Expenses:Home:Furniture         341.63 EUR
    Liabilities:FR:Amex:Gold       -341.63 EUR
    Assets:Receivables:Aurelie      170.82 EUR
    Expenses:Home:Furniture        -170.82 EUR

2025-10-29 * Sofa  ; flat-vincennes:
    Expenses:Home:Furniture         578.45 EUR
    Liabilities:FR:Amex:Gold       -578.45 EUR
    Assets:Receivables:Aurelie      289.22 EUR
    Expenses:Home:Furniture        -289.22 EUR

2025-10-29 * Settlement
    Assets:FR:BforBank:Compte-Courant      868.26 EUR
    Assets:Receivables:Aurelie            -868.26 EUR
    Assets:Receivables:Aurelie                 10 EUR  ; paid too much -> transfer to liabilities
    Liabilities:Payables:Aurelie              -10 EUR

2025-10-29 * Pay back Aurelie for incorrect settlement
    Liabilities:Payables:Aurelie               10 EUR
    Assets:FR:BforBank:Compte-Courant         -10 EUR

2025-10-30 * Lunch Mister Garden
    Expenses:Food:OfficeLunch       20.30 EUR
    Assets:FR:Bimpli               -20.30 EUR

2025-10-30 * Balance assignment as seen on receipt from Mister Garden
    Assets:FR:Bimpli                -2.40 EUR = 267.38 EUR
    Expenses:Food:OfficeLunch        2.40 EUR

2025-10-30 * Cigarettes
    Expenses:Cigarettes                     13 EUR
    Assets:UK:Revolut:Personal:EUR         -13 EUR

2025-10-30 * Carrefour
    Expenses:Food:Groceries              15.17 EUR
    Assets:UK:Revolut:Personal:EUR      -15.17 EUR

2025-10-31 * Buy LQQ ETF
    Assets:FR:BourseDirect:PEA:ETF:LQQ    1 LQQ @ 1,597.70 EUR
    Equity:Conversion:EUR-LQQ:LQQ                       -1 LQQ
    Equity:Conversion:EUR-LQQ:EUR                 1,597.70 EUR
    Assets:FR:BourseDirect:Cash                  -1,597.70 EUR

2025-10-31 * Therapy
    Expenses:Health:Therapy         120 EUR
    Assets:Cash:EUR                -120 EUR

2025-10-31 * Pain au chocolat
    Expenses:Food:Snack        1.30 EUR
    Assets:Cash:EUR           -1.30 EUR

2025-10-31 * Cigarettes
    Expenses:Cigarettes          13 EUR
    Assets:Cash:EUR             -13 EUR

2025-10-31 * Dr Jomaah
    Expenses:Health:Doctor                    200 EUR
    Assets:FR:BforBank:Compte-Courant        -200 EUR

2025-10-31 * Navigo
    Expenses:Transportation:PublicTransport       88.80 EUR
    Assets:FR:BforBank:Compte-Courant            -88.80 EUR

2025-10-31 * Cash withdrawal
    Assets:Cash:EUR                           300 EUR
    Assets:FR:BforBank:Compte-Courant        -300 EUR

2025-10-31 * Cafe Nuances with Symeon
    Expenses:Food:Cafe                    9.45 EUR
    Assets:UK:Revolut:Personal:EUR       -9.45 EUR

2025-10-31 * HelloFresh
    Expenses:Food:Groceries        48.94 EUR
    Liabilities:FR:Amex:Gold      -48.94 EUR

2025-10-31 * Dott ride
    Expenses:Transportation:Bikesharing        1.75 EUR
    Liabilities:FR:Amex:Gold                  -1.75 EUR

2025-10-31 * Wooden floors outstanding  ; flat-vincennes:
    Expenses:Home:Improvements       1,637.48 EUR
    Liabilities:Payables:Aurelie    -1,637.48 EUR

2025-11-01 * MS Therapy
    Expenses:PersonalCare:Discretionary         220 EUR
    Assets:Cash:EUR                            -220 EUR

2025-11-01 * Cafe
    Expenses:Food:Cafe           2 EUR
    Assets:Cash:EUR             -2 EUR

2025-11-01 * Cigarettes
    Expenses:Cigarettes          13 EUR
    Assets:Cash:EUR             -13 EUR

2025-11-01 * Cash withdrawal
    Assets:Cash:EUR                            40 EUR
    Assets:FR:BforBank:Compte-Courant         -40 EUR  ; date:2025-11-02

2025-11-01 * Cash withdrawal
    Assets:Cash:EUR                            20 EUR
    Assets:FR:BforBank:Compte-Courant         -20 EUR  ; date:2025-11-02

2025-11-01 * Gaia Torrefacteur
    Expenses:Food:Cafe                       8 EUR
    Assets:UK:Revolut:Personal:EUR          -8 EUR

2025-11-01 * Leroy Merlin paint  ; flat-vincennes:
    Expenses:Home:Maintenance         119.91 EUR
    Liabilities:FR:Amex:Gold         -119.91 EUR
    Expenses:Home:Maintenance         -59.95 EUR
    Liabilities:Payables:Aurelie       59.95 EUR

2025-11-01 * Leroy Melin brush  ; flat-vincennes:
    Expenses:Home:Maintenance        3.59 EUR
    Liabilities:FR:Amex:Gold        -3.59 EUR

2025-11-01 * Dott ride
    Expenses:Transportation:Bikesharing        1.75 EUR
    Liabilities:FR:Amex:Gold                  -1.75 EUR

2025-11-01 * Deliveroo
    Expenses:Food:Delivery         17.65 EUR
    Liabilities:FR:Amex:Gold      -17.65 EUR

2025-11-02 * Cash withdrawal
    Assets:Cash:EUR                            20 EUR
    Assets:FR:BforBank:Compte-Courant         -20 EUR  ; date: 2025-11-04

2025-11-02 * Cigarettes
    Expenses:Cigarettes                     13 EUR
    Assets:UK:Revolut:Personal:EUR         -13 EUR

2025-11-02 * Dott ride
    Expenses:Transportation:Bikesharing        1.75 EUR
    Liabilities:FR:Amex:Gold                  -1.75 EUR

2025-11-02 * Leroy Merlin paint and door handles  ; flat-vincennes:
    Expenses:Home:Maintenance          53.51 EUR
    Liabilities:Payables:Aurelie      -53.51 EUR

2025-11-03 * Rent Citeaux
    Expenses:Home:Rent                     1,050. EUR
    Assets:FR:BforBank:Compte-Courant     -1,050. EUR

2025-11-03 * Lunch Mister Garden
    Expenses:Food:OfficeLunch       17.60 EUR
    Assets:FR:Bimpli               -17.60 EUR

2025-11-03 * 111 Capital wage
    Assets:FR:CCF:Compte-Courant     6,371.58 EUR
    Income:FR:111Capital:Salary     -6,371.58 EUR

2025-11-03 * Fees CCF
    Expenses:Finance:Bank               8.75 EUR
    Assets:FR:CCF:Compte-Courant       -8.75 EUR

2025-11-03 * Cong Ca Phe
    Expenses:Food:Cafe                    6.50 EUR
    Assets:UK:Revolut:Personal:EUR       -6.50 EUR

2025-11-03 * Cigarettes
    Expenses:Cigarettes                     13 EUR
    Assets:UK:Revolut:Personal:EUR         -13 EUR

2025-11-03 * Velib
    Expenses:Transportation:Bikesharing           8 EUR
    Liabilities:FR:Amex:Gold                     -8 EUR

2025-11-03 * Deliveroo Chez Antoine
    Expenses:Food:Delivery         30.29 EUR
    Liabilities:FR:Amex:Gold      -30.29 EUR

2025-11-04 * Lunch Lebanese
    Expenses:Food:OfficeLunch       15.95 EUR
    Assets:FR:Bimpli               -15.95 EUR

2025-11-04 * Big Fernand
    Expenses:Food:FastFood               13.90 EUR
    Assets:UK:Revolut:Personal:EUR      -13.90 EUR

2025-11-04 * Beers Parc des Princes
    Expenses:Entertainment:Social:Bars          30 EUR
    Assets:UK:Revolut:Personal:EUR             -30 EUR

2025-11-05 * Cigarettes
    Expenses:Cigarettes          13 EUR
    Assets:Cash:EUR             -13 EUR

2025-11-05 * Wooden floors delivery
    Expenses:Home:Improvements           100 EUR
    Assets:Cash:EUR                     -100 EUR
    Liabilities:Payables:Aurelie          50 EUR
    Expenses:Home:Improvements           -50 EUR

2025-11-05 * Charity
    Expenses:GiftsCharity:Charity           1 EUR
    Assets:Cash:EUR                        -1 EUR

2025-11-05 * Transfer
    Assets:FR:BoursoBank:Compte-Courant      1,000. EUR
    Assets:FR:BforBank:Compte-Courant       -1,000. EUR

2025-11-05 * ChatGPT subscription for mum
    Expenses:GiftsCharity:Gifts             21.99 EUR
    Assets:FR:BforBank:Compte-Courant      -21.99 EUR

2025-11-05 * MacroFactor subscription
    Expenses:Subscriptions:Software         13.99 EUR
    Assets:FR:BforBank:Compte-Courant      -13.99 EUR

2025-11-05 * Cafe and pain au chocolat  ; aurelie:
    Expenses:Food:Cafe                    4.80 EUR
    Assets:UK:Revolut:Personal:EUR       -4.80 EUR

2025-11-05 * Dott ride
    Expenses:Transportation:Bikesharing        1.75 EUR
    Liabilities:FR:Amex:Gold                  -1.75 EUR

2025-11-05 * R2 training
    Expenses:Health:Gym              179 EUR
    Liabilities:FR:Amex:Gold        -179 EUR

2025-11-06 * Home improvements  ; flat-vincennes:
    Expenses:Home:Improvements        2,000. EUR
    Assets:Cash:EUR                  -2,000. EUR
    Liabilities:Payables:Aurelie      1,000. EUR
    Expenses:Home:Improvements       -1,000. EUR

2025-11-06 * Cigarettes
    Expenses:Cigarettes          13 EUR
    Assets:Cash:EUR             -13 EUR

2025-11-06 * Refund Alan
    Assets:FR:BforBank:Compte-Courant        2.88 EUR
    Expenses:Health:Doctor                  -2.88 EUR

2025-11-06 * Refund Alan
    Assets:FR:BforBank:Compte-Courant      111.11 EUR
    Expenses:Health:Doctor                -111.11 EUR

2025-11-06 * Cash withdrawal
    Assets:Cash:EUR                           200 EUR
    Assets:FR:BforBank:Compte-Courant        -200 EUR

2025-11-06 * Cash withdrawal
    Assets:Cash:EUR                           400 EUR
    Assets:FR:BforBank:Compte-Courant        -400 EUR

2025-11-06 * Cash withdrawal
    Assets:Cash:EUR                          1,000. EUR
    Assets:FR:BoursoBank:Compte-Courant     -1,000. EUR

2025-11-06 * Cash withdrawal
    Assets:Cash:EUR                      500 EUR
    Assets:FR:CCF:Compte-Courant        -500 EUR

2025-11-06 * Cafe Nuances
    Expenses:Food:Cafe                    4.50 EUR
    Assets:UK:Revolut:Personal:EUR       -4.50 EUR

2025-11-06 * Le Rubis drinks with Isky
    Expenses:Entertainment:Social:Bars       18.80 EUR
    Assets:UK:Revolut:Personal:EUR          -18.80 EUR

2025-11-06 * Amex subscription
    Expenses:Finance:CreditCard          16 EUR
    Liabilities:FR:Amex:Gold            -16 EUR

2025-11-06 * HelloFresh
    Expenses:Food:Groceries        48.94 EUR
    Liabilities:FR:Amex:Gold      -48.94 EUR

2025-11-07 * Tennis lesson
    Expenses:Health:Sport:Tennis          40 EUR
    Assets:Cash:EUR                      -40 EUR

2025-11-07 * Refund CPAM
    Assets:FR:BforBank:Compte-Courant       81.01 EUR
    Expenses:Health:Doctor                 -81.01 EUR

2025-11-07 * Ville de Paris english classes
    Expenses:GiftsCharity:Gifts               220 EUR
    Assets:FR:BforBank:Compte-Courant        -220 EUR

2025-11-07 * Chez Julau
    Expenses:Food:OfficeLunch               17.10 EUR
    Assets:FR:BforBank:Compte-Courant      -17.10 EUR

2025-11-07 * Lunch Kayser
    Expenses:Food:OfficeLunch       13.70 EUR
    Assets:FR:Bimpli               -13.70 EUR

2025-11-07 * Cigarettes
    Expenses:Cigarettes                     13 EUR
    Assets:UK:Revolut:Personal:EUR         -13 EUR

2025-11-07 * Cafe De La Place drinks with Aurelie  ; aurelie:
    Expenses:Entertainment:Social:Bars          13 EUR
    Assets:UK:Revolut:Personal:EUR             -13 EUR

2025-11-07 * ChatGPT subscription
    Expenses:Subscriptions:Software       19.17 EUR
    Assets:UK:Revolut:Personal:EUR       -19.17 EUR

2025-11-07 * Dott ride
    Expenses:Transportation:Bikesharing        1.75 EUR
    Liabilities:FR:Amex:Gold                  -1.75 EUR

2025-11-07 * Coffee table
    Expenses:Home:Furniture           132.56 EUR
    Liabilities:Payables:Aurelie     -132.56 EUR

2025-11-07 * Bench living room
    Expenses:Home:Furniture           128.58 EUR
    Liabilities:Payables:Aurelie     -128.58 EUR

2025-11-07 * Chairs
    Expenses:Home:Furniture           137.47 EUR
    Liabilities:Payables:Aurelie     -137.47 EUR

2025-11-07 * Meuble tv
    Expenses:Home:Furniture               45 EUR
    Liabilities:Payables:Aurelie         -45 EUR

2025-11-07 * Table d'appoint
    Expenses:Home:Furniture            66.47 EUR
    Liabilities:Payables:Aurelie      -66.47 EUR

2025-11-08 * Baguette
    Expenses:Food:Groceries        1.35 EUR
    Assets:Cash:EUR               -1.35 EUR

2025-11-08 * Hairdresser
    Expenses:PersonalCare:Hair          12 EUR
    Assets:Cash:EUR                    -12 EUR

2025-11-08 * Cigarettes
    Expenses:Cigarettes          13 EUR
    Assets:Cash:EUR             -13 EUR

2025-11-08 * Maison B&b cafe and pain au chocolat
    Expenses:Food:Cafe                    3.30 EUR
    Assets:UK:Revolut:Personal:EUR       -3.30 EUR

2025-11-08 * Refund beers Parc des Princes
    Assets:UK:Revolut:Personal:EUR               8 EUR
    Expenses:Entertainment:Social:Bars          -8 EUR

2025-11-08 * Uniqlo
    Expenses:Shopping:Clothes      124.80 EUR
    Liabilities:FR:Amex:Gold      -124.80 EUR

2025-11-09 * MS Therapy
    Expenses:PersonalCare:Discretionary         250 EUR
    Assets:Cash:EUR                            -250 EUR

2025-11-09 * Carrefour
    Expenses:Food:Groceries               5.70 EUR
    Assets:UK:Revolut:Personal:EUR       -5.70 EUR

2025-11-09 * MS Therapy
    Expenses:PersonalCare:Discretionary          50 EUR
    Assets:UK:Revolut:Personal:EUR              -50 EUR

2025-11-09 * Velib
    Expenses:Transportation:Bikesharing          10 EUR
    Liabilities:FR:Amex:Gold                    -10 EUR

2025-11-10 * Cash withdrawal
    Assets:Cash:EUR                           250 EUR
    Assets:FR:BforBank:Compte-Courant        -250 EUR

2025-11-10 * Cash withdrawal
    Assets:Cash:EUR                            40 EUR
    Assets:FR:BforBank:Compte-Courant         -40 EUR

2025-11-10 * Cash withdrawal
    Assets:Cash:EUR                            40 EUR
    Assets:FR:BforBank:Compte-Courant         -40 EUR

2025-11-10 * Cash withdrawal
    Assets:Cash:EUR                            20 EUR
    Assets:FR:BforBank:Compte-Courant         -20 EUR

2025-11-10 * Cafe Nuances
    Expenses:Food:Cafe                       5 EUR
    Assets:UK:Revolut:Personal:EUR          -5 EUR

2025-11-10 * Lebara
    Expenses:Home:Utilities:MobilePhone           5 GBP
    Assets:UK:Revolut:Personal:GBP               -5 GBP

2025-11-10 * Uber Eats fees
    Expenses:Food:OfficeLunch        2.67 EUR
    Liabilities:FR:Amex:Gold        -2.67 EUR

2025-11-11 * Pain au chocolat
    Expenses:Food:Snack        1.40 EUR
    Assets:Cash:EUR           -1.40 EUR

2025-11-11 * Cigarettes
    Expenses:Cigarettes                     13 EUR
    Assets:UK:Revolut:Personal:EUR         -13 EUR

2025-11-11 * Dott ride
    Expenses:Transportation:Bikesharing        1.75 EUR
    Liabilities:FR:Amex:Gold                  -1.75 EUR

2025-11-11 * Dott ride
    Expenses:Transportation:Bikesharing        1.75 EUR
    Liabilities:FR:Amex:Gold                  -1.75 EUR

2025-11-11 * Dott ride
    Expenses:Transportation:Bikesharing        1.75 EUR
    Liabilities:FR:Amex:Gold                  -1.75 EUR

2025-11-12 * Cigarettes
    Expenses:Cigarettes          13 EUR
    Assets:Cash:EUR             -13 EUR

2025-11-12 * Lunch Mister Garden
    Expenses:Food:OfficeLunch       18.40 EUR
    Assets:FR:Bimpli               -18.40 EUR

2025-11-12 * Stamps
    Expenses:Misc                         2.78 EUR
    Assets:UK:Revolut:Personal:EUR       -2.78 EUR

2025-11-12 * Dott ride
    Expenses:Transportation:Bikesharing        1.75 EUR
    Liabilities:FR:Amex:Gold                  -1.75 EUR

2025-11-13 * Lunch Kayser
    Expenses:Food:OfficeLunch          16 EUR
    Assets:FR:Bimpli                  -16 EUR

2025-11-13 * Balance assignment from Kayser receipt
    Assets:FR:Bimpli               -13.90 EUR = 171.83 EUR
    Expenses:Food:OfficeLunch       13.90 EUR

2025-11-13 * Le Berlioz  ; aurelie:
    Expenses:Entertainment:Social:Bars           8 EUR
    Assets:UK:Revolut:Personal:EUR              -8 EUR

2025-11-13 * Cafe Nuances
    Expenses:Food:Cafe                    4.50 EUR
    Assets:UK:Revolut:Personal:EUR       -4.50 EUR

2025-11-13 * Cigarettes
    Expenses:Cigarettes                     13 EUR
    Assets:UK:Revolut:Personal:EUR         -13 EUR

2025-11-13 * Carrefour
    Expenses:Food:Groceries              11.33 EUR
    Assets:UK:Revolut:Personal:EUR      -11.33 EUR

2025-11-14 * Tennis lesson
    Expenses:Health:Sport:Tennis          40 EUR
    Assets:Cash:EUR                      -40 EUR

2025-11-14 * Amex settlement
    Liabilities:FR:Amex:Gold              3,408.35 EUR
    Assets:FR:BforBank:Compte-Courant    -3,408.35 EUR

2025-11-14 * Cafe Nuances with Symeon
    Expenses:Food:Cafe                    9.45 EUR
    Assets:UK:Revolut:Personal:EUR       -9.45 EUR

2025-11-14 * Carrefour
    Expenses:Food:Groceries               8.79 EUR
    Assets:UK:Revolut:Personal:EUR       -8.79 EUR

2025-11-14 * Dott ride
    Expenses:Transportation:Bikesharing        1.75 EUR
    Liabilities:FR:Amex:Gold                  -1.75 EUR

2025-11-14 * Dott ride
    Expenses:Transportation:Bikesharing        1.75 EUR
    Liabilities:FR:Amex:Gold                  -1.75 EUR

2025-11-14 * Batter checker Amazon
    Expenses:Shopping:Electronics       11.99 EUR
    Liabilities:FR:Amex:Gold           -11.99 EUR

2025-11-15 * Cigarettes
    Expenses:Cigarettes          13 EUR
    Assets:Cash:EUR             -13 EUR

2025-11-15 * Therapy
    Expenses:Health:Therapy         120 EUR
    Assets:Cash:EUR                -120 EUR

2025-11-15 * Fitness Park
    Expenses:Health:Gym                        60 EUR
    Assets:FR:BforBank:Compte-Courant         -60 EUR

2025-11-15 * Cash withdrawal La Banque Postale
    Assets:Cash:EUR                           160 EUR
    Assets:FR:BforBank:Compte-Courant        -160 EUR  ; date: 2025-11-18

2025-11-15 * Cafe and pain au chocolat
    Expenses:Food:Cafe                    3.30 EUR
    Assets:UK:Revolut:Personal:EUR       -3.30 EUR

2025-11-15 * Cafe Gaia
    Expenses:Food:Cafe                 8 EUR
    Liabilities:FR:Amex:Gold          -8 EUR

2025-11-15 * Postbox label  ; flat-vincennes:
    Expenses:Home:Maintenance        4.99 EUR
    Liabilities:FR:Amex:Gold        -4.99 EUR

2025-11-16 * Unaccounted cash expenses
    Expenses:Misc:Unaccounted       14.40 EUR
    Assets:Cash:EUR                -14.40 EUR

2025-11-16 * Cash withdrawal Bnp
    Assets:Cash:EUR                            40 EUR
    Assets:FR:BforBank:Compte-Courant         -40 EUR  ; date: 2025-11-18

2025-11-16 * Cigarettes
    Expenses:Cigarettes                     13 EUR
    Assets:UK:Revolut:Personal:EUR         -13 EUR

2025-11-17 * Lunch Bistropolitain
    Expenses:Food:OfficeLunch       15.90 EUR
    Assets:FR:Bimpli               -15.90 EUR

2025-11-17 * Cigarettes
    Expenses:Cigarettes                     13 EUR
    Assets:UK:Revolut:Personal:EUR         -13 EUR

2025-11-17 * Monoprix
    Expenses:Food:Groceries               3.94 EUR
    Assets:UK:Revolut:Personal:EUR       -3.94 EUR

2025-11-18 * EDF
    Expenses:Home:Utilities:Electricity       52.69 EUR
    Assets:FR:BforBank:Compte-Courant        -52.69 EUR

2025-11-18 * Lunch Kayser
    Expenses:Food:OfficeLunch       15.70 EUR
    Assets:FR:Bimpli               -15.70 EUR

2025-11-18 * Cafe De La Place drinks with Aurelie  ; aurelie:
    Expenses:Entertainment:Social:Bars       17.50 EUR
    Assets:UK:Revolut:Personal:EUR          -17.50 EUR

2025-11-19 * Cigarettes
    Expenses:Cigarettes          13 EUR
    Assets:Cash:EUR             -13 EUR

2025-11-19 * Lunck Petit Panda fruits
    Expenses:Food:OfficeLunch        2.40 EUR
    Assets:Cash:EUR                 -2.40 EUR

2025-11-19 * Cafe Nuances
    Expenses:Food:Cafe                    4.50 EUR
    Assets:UK:Revolut:Personal:EUR       -4.50 EUR

2025-11-19 * Particiption vers le PEI
    Assets:FR:Epsor:PEI                    5,817.50 EUR
    Income:FR:111Capital:Participation    -5,817.50 EUR

2025-11-19 * Interessement vers le PEI
    Assets:FR:Epsor:PEI                    20,034.10 EUR
    Income:FR:111Capital:Interessement    -20,034.10 EUR

2025-11-19 * Abondement vers le PEI
    Assets:FR:Epsor:PEI                 3,405.50 EUR
    Income:FR:111Capital:Abondement    -3,405.50 EUR

2025-11-19 * Interessement vers le PER
    Assets:FR:Epsor:PER                     2,512. EUR
    Income:FR:111Capital:Interessement     -2,512. EUR

2025-11-19 * Abondement vers le PER
    Assets:FR:Epsor:PER                 6,805.01 EUR
    Income:FR:111Capital:Abondement    -6,805.01 EUR

2025-11-20 * Cigarettes
    Expenses:Cigarettes          13 EUR
    Assets:Cash:EUR             -13 EUR

2025-11-20 * Cash withdrawal BNP
    Assets:Cash:EUR                            20 EUR
    Assets:FR:BforBank:Compte-Courant         -20 EUR

2025-11-20 * Carrefour
    Expenses:Food:Groceries              10.50 EUR
    Assets:UK:Revolut:Personal:EUR      -10.50 EUR

2025-11-20 * HelloFresh
    Expenses:Food:Groceries        48.94 EUR
    Liabilities:FR:Amex:Gold      -48.94 EUR

2025-11-21 * Tennis lesson
    Expenses:Health:Sport:Tennis          40 EUR
    Assets:Cash:EUR                      -40 EUR

2025-11-21 * Cash withdrawal La Banque Postale
    Assets:Cash:EUR                            40 EUR
    Assets:FR:BforBank:Compte-Courant         -40 EUR  ; date: 2025-11-24

2025-11-21 * Deliveroo fee
    Expenses:Food:OfficeLunch                  2.15 EUR
    Assets:FR:BoursoBank:Compte-Courant       -2.15 EUR

2025-11-21 * Cigarettes
    Expenses:Cigarettes                     13 EUR
    Assets:UK:Revolut:Personal:EUR         -13 EUR

2025-11-21 * Carrefour
    Expenses:Food:Groceries              23.07 EUR
    Assets:UK:Revolut:Personal:EUR      -23.07 EUR

2025-11-21 * Dott ride
    Expenses:Transportation:Bikesharing        3.14 EUR
    Liabilities:FR:Amex:Gold                  -3.14 EUR

2025-11-21 * Dott ride
    Expenses:Transportation:Bikesharing        1.75 EUR
    Liabilities:FR:Amex:Gold                  -1.75 EUR

2025-11-21 * Work
    Expenses:Home:Improvements           750 EUR  ; half of 1500
    Liabilities:Payables:Aurelie        -750 EUR

2025-11-22 * Cigarettes
    Expenses:Cigarettes                        13 EUR
    Assets:FR:BforBank:Compte-Courant         -13 EUR  ; date: 2025-11-24

2025-11-22 * Unisport
    Expenses:Shopping:Clothes               71.95 EUR
    Assets:FR:BforBank:Compte-Courant      -71.95 EUR  ; date: 2025-11-26

2025-11-22 * Cigarettes
    Expenses:Cigarettes                     13 EUR
    Assets:UK:Revolut:Personal:EUR         -13 EUR

2025-11-22 * Gaia Torrefacteur
    Expenses:Food:Cafe                 8 EUR
    Liabilities:FR:Amex:Gold          -8 EUR

2025-11-22 * Leroy Merlin Paris Daum  ; flat-vincennes:
    Expenses:Home:Improvements         60.69 EUR
    Liabilities:FR:Amex:Gold          -60.69 EUR
    Expenses:Home:Improvements        -30.34 EUR
    Liabilities:Payables:Aurelie       30.34 EUR

2025-11-22 * Deliveroo  ; aurelie:
    Expenses:Food:Delivery         25.59 EUR
    Liabilities:FR:Amex:Gold      -25.59 EUR

2025-11-23 * Charity
    Expenses:GiftsCharity:Charity           1 EUR
    Assets:Cash:EUR                        -1 EUR

2025-11-23 * Vers Jean Dupin
    Assets:FR:BoursoBank:Compte-Courant      1,000. EUR
    Assets:FR:BforBank:Compte-Courant       -1,000. EUR

2025-11-23 * Tennis-Compagnie Bag
    Expenses:Shopping:Sport        72.60 EUR
    Liabilities:FR:Amex:Gold      -72.60 EUR

2025-11-23 * Nike Retail BV
    Expenses:Shopping:Clothes      178.95 EUR
    Liabilities:FR:Amex:Gold      -178.95 EUR

2025-11-23 * Leroy Merlin Paris Daum  ; flat-vincennes:
    Expenses:Home:Improvements         23.89 EUR
    Liabilities:FR:Amex:Gold          -23.89 EUR
    Expenses:Home:Improvements        -11.94 EUR
    Liabilities:Payables:Aurelie       11.94 EUR

2025-11-23 * Velib
    Expenses:Transportation:Bikesharing          10 EUR
    Liabilities:FR:Amex:Gold                    -10 EUR

2025-11-25 * Lunch Mister Garden
    Expenses:Food:OfficeLunch       18.60 EUR
    Assets:FR:Bimpli               -18.60 EUR

2025-11-25 * Cigarettes
    Expenses:Cigarettes                     13 EUR
    Assets:UK:Revolut:Personal:EUR         -13 EUR

2025-11-26 * Crepes
    Expenses:Food:Snack           6 EUR
    Assets:Cash:EUR              -6 EUR

2025-11-26 * SFR
    Expenses:Home:Utilities:MobilePhone       11.99 EUR
    Assets:FR:BforBank:Compte-Courant        -11.99 EUR

2025-11-26 * Refund Alan
    Assets:FR:BforBank:Compte-Courant          58 EUR
    Expenses:Health:Doctor                    -58 EUR

2025-11-26 * Lunch Kayser
    Expenses:Food:OfficeLunch       17.30 EUR
    Assets:FR:Bimpli               -17.30 EUR

2025-11-26 * Cigarettes
    Expenses:Cigarettes                     13 EUR
    Assets:UK:Revolut:Personal:EUR         -13 EUR

2025-11-27 * Refund CPAM
    Assets:FR:BforBank:Compte-Courant          40 EUR
    Expenses:Health:Doctor                    -40 EUR

2025-11-27 * Carrefour
    Expenses:Food:Groceries              10.86 EUR
    Assets:UK:Revolut:Personal:EUR      -10.86 EUR

2025-11-27 * Leroy Merlin cardboard boxes
    Expenses:Misc                  19.90 EUR
    Liabilities:FR:Amex:Gold      -19.90 EUR

2025-11-28 * Boursobank fees
    Expenses:Finance:Bank                         9 EUR
    Assets:FR:BoursoBank:Compte-Courant          -9 EUR

2025-11-28 * Cash withdrawal
    Assets:Cash:EUR                             900 EUR
    Assets:FR:BoursoBank:Compte-Courant        -900 EUR

2025-11-28 * Cafe Nuances with Symeon
    Expenses:Food:Cafe                    9.45 EUR
    Assets:UK:Revolut:Personal:EUR       -9.45 EUR

2025-11-28 * Cafe Nuances pain au chocolat
    Expenses:Food:Cafe                    2.43 EUR
    Assets:UK:Revolut:Personal:EUR       -2.43 EUR

2025-11-28 * Cigarettes
    Expenses:Cigarettes                     13 EUR
    Assets:UK:Revolut:Personal:EUR         -13 EUR

2025-11-28 * La Boutique  ; aurelie:
    Expenses:Entertainment:Social:Bars       34.70 EUR
    Assets:UK:Revolut:Personal:EUR          -34.70 EUR

2025-11-28 * Tennis Warehouse
    Expenses:Shopping:Sport       208.28 EUR
    Liabilities:FR:Amex:Gold     -208.28 EUR

2025-11-28 * Extreme Tennis
    Expenses:Shopping:Sport        75.48 EUR
    Liabilities:FR:Amex:Gold      -75.48 EUR

2025-11-29 * Cafe and pain aux raisins
    Expenses:Food:Cafe        3.70 EUR
    Assets:Cash:EUR          -3.70 EUR

2025-11-29 * Cigarettes
    Expenses:Cigarettes          13 EUR
    Assets:Cash:EUR             -13 EUR

2025-11-29 * Therapy
    Expenses:Health:Therapy         120 EUR
    Assets:Cash:EUR                -120 EUR

2025-11-29 * Carrefour City
    Expenses:Food:Groceries                  6.90 EUR
    Expenses:GiftsCharity:Charity            3.75 EUR
    Assets:FR:BforBank:Compte-Courant      -10.65 EUR

2025-11-29 * Cash withdrawal
    Assets:Cash:EUR                      100 EUR
    Assets:FR:CCF:Compte-Courant        -100 EUR

2025-11-29 * RATP
    Expenses:Transportation:PublicTransport        2.50 EUR
    Assets:UK:Revolut:Personal:EUR                -2.50 EUR

2025-11-29 * McDonald's
    Expenses:Food:FastFood               26.52 EUR
    Assets:UK:Revolut:Personal:EUR      -26.52 EUR

2025-11-30 * Cigarettes
    Expenses:Cigarettes                     13 EUR
    Assets:UK:Revolut:Personal:EUR         -13 EUR

2025-11-30 * Leroy Merlin lamps
    Expenses:Home:Furniture            67.69 EUR
    Liabilities:FR:Amex:Gold          -67.69 EUR
    Expenses:Home:Furniture           -33.84 EUR
    Liabilities:Payables:Aurelie       33.84 EUR

2025-11-30 * Leroy Merlin cardboard boxes
    Expenses:Misc                  23.94 EUR
    Liabilities:FR:Amex:Gold      -23.94 EUR

2025-11-30 * Leroy Merlin bubble wrap
    Expenses:Misc                  13.90 EUR
    Liabilities:FR:Amex:Gold      -13.90 EUR

2025-11-30 * Franprix
    Expenses:Food:Groceries        24.78 EUR
    Liabilities:FR:Amex:Gold      -24.78 EUR

2025-12-01 * Fees CCF
    Expenses:Finance:Bank               8.75 EUR
    Assets:FR:CCF:Compte-Courant       -8.75 EUR

2025-12-01 * Transfer to joint-account
    Equity:Capital:Huchon:Jean        304.14 EUR
    Assets:FR:CCF:Compte-Courant     -304.14 EUR

2025-12-01 * Cigarettes
    Expenses:Cigarettes                     13 EUR
    Assets:UK:Revolut:Personal:EUR         -13 EUR

2025-12-01 * Cafe
    Expenses:Food:Cafe                    1.40 EUR
    Assets:UK:Revolut:Personal:EUR       -1.40 EUR

2025-12-01 * Joseph Joseph  ; flat-vincennes:
    Expenses:Home:Furniture       134.40 EUR
    Liabilities:FR:Amex:Gold     -134.40 EUR

2025-12-01 * YooJo moving hire
    Expenses:Home                     96 EUR
    Liabilities:FR:Amex:Gold         -96 EUR

2025-12-01 * Gaia Torrefacteur
    Expenses:Food:Cafe                 4 EUR
    Liabilities:FR:Amex:Gold          -4 EUR

2025-12-02 * Navigo
    Expenses:Transportation:PublicTransport       88.80 EUR
    Assets:FR:BforBank:Compte-Courant            -88.80 EUR

2025-12-02 * Transfer to BforBank
    Assets:FR:BforBank:Compte-Courant         79.19 EUR
    Assets:FR:BoursoBank:Compte-Courant      -79.19 EUR

2025-12-02 * Charity
    Expenses:GiftsCharity:Charity           1 EUR
    Assets:Cash:EUR                        -1 EUR

2025-12-02 * Transfer to mum
    Assets:Receivables:Mum                 100 EUR
    Assets:UK:Revolut:Personal:EUR        -100 EUR

2025-12-02 * Cigarettes
    Expenses:Cigarettes                     13 EUR
    Assets:UK:Revolut:Personal:EUR         -13 EUR

2025-12-02 * Monoprix
    Expenses:Food:Groceries               2.50 EUR
    Assets:UK:Revolut:Personal:EUR       -2.50 EUR

2025-12-02 * La Parisienne
    Expenses:Food:FastFood                  17 EUR
    Assets:UK:Revolut:Personal:EUR         -17 EUR

2025-12-02 * Adidas shoes bag
    Expenses:Shopping:Sport        12.99 EUR
    Liabilities:FR:Amex:Gold      -12.99 EUR

2025-12-02 * WWW.VELIB-METROPOLE.FR
    Expenses:Transportation:Bikesharing           4 EUR
    Liabilities:FR:Amex:Gold                     -4 EUR

2025-12-03 * Deliveroo fees
    Expenses:Food:OfficeLunch                  1.74 EUR
    Assets:FR:BoursoBank:Compte-Courant       -1.74 EUR

2025-12-03 * 111 Cap wages
    Assets:FR:CCF:Compte-Courant     6,371.58 EUR
    Income:FR:111Capital:Salary     -6,371.58 EUR

2025-12-03 * Carrefour
    Expenses:Food:Groceries               3.34 EUR
    Assets:UK:Revolut:Personal:EUR       -3.34 EUR

2025-12-03 * Cigarettes
    Expenses:Cigarettes                     13 EUR
    Assets:UK:Revolut:Personal:EUR         -13 EUR

2025-12-03 * Restaurant Trader's
    Expenses:Entertainment:Social:Bars         300 EUR
    Liabilities:FR:Amex:Gold                  -300 EUR

2025-12-04 * Cash withdrawal
    Assets:Cash:EUR                            20 EUR
    Assets:FR:BforBank:Compte-Courant         -20 EUR

2025-12-04 * Charity
    Expenses:GiftsCharity:Charity           2 EUR
    Assets:Cash:EUR                        -2 EUR

2025-12-05 * MacroFactor subscription
    Expenses:Subscriptions:Software         13.99 EUR
    Assets:FR:BforBank:Compte-Courant      -13.99 EUR

2025-12-05 * Taxi
    Expenses:Transportation:Taxi            17.20 EUR
    Assets:FR:BforBank:Compte-Courant      -17.20 EUR

2025-12-05 * Shiva  ; claim-tax:
    Expenses:Home:Maintenance              249.60 EUR
    Assets:FR:BforBank:Compte-Courant     -249.60 EUR

2025-12-05 * Casa Cafe
    Expenses:Food:Cafe                    8.40 EUR
    Assets:UK:Revolut:Personal:EUR       -8.40 EUR

2025-12-05 * Transfer to mum
    Assets:Receivables:Mum                 150 EUR
    Assets:UK:Revolut:Personal:EUR        -150 EUR

2025-12-05 * Cigarettes
    Expenses:Cigarettes                     13 EUR
    Assets:UK:Revolut:Personal:EUR         -13 EUR

2025-12-05 * Beeminder fine
    Expenses:Subscriptions:Software        3.77 GBP
    Assets:UK:Revolut:Personal:GBP        -3.77 GBP

2025-12-05 * Uber
    Expenses:Transportation:Taxi       16.95 EUR
    Liabilities:FR:Amex:Gold          -16.95 EUR
    Expenses:Transportation:Taxi       -8.48 EUR
    Liabilities:Payables:Aurelie        8.48 EUR

2025-12-05 * Uber
    Expenses:Transportation:Taxi       12.94 EUR
    Liabilities:FR:Amex:Gold          -12.94 EUR
    Expenses:Transportation:Taxi       -6.47 EUR
    Liabilities:Payables:Aurelie        6.47 EUR

2025-12-05 * Deliveroo
    Expenses:Food:Delivery          6.69 EUR
    Liabilities:FR:Amex:Gold       -6.69 EUR

2025-12-05 * R2 Training
    Expenses:Health:Gym              179 EUR
    Liabilities:FR:Amex:Gold        -179 EUR

2025-12-05 * Decoplus additional order  ; flat-vincennes:
    Expenses:Home:Improvements        410.24 EUR
    Expenses:Home:Improvements       -205.12 EUR
    Liabilities:Payables:Aurelie     -205.12 EUR

2025-12-06 * Cigarettes
    Expenses:Cigarettes                     13 EUR
    Assets:UK:Revolut:Personal:EUR         -13 EUR

2025-12-06 * Fisherman's Friend
    Expenses:Food:Snack                   2.50 EUR
    Assets:UK:Revolut:Personal:EUR       -2.50 EUR

2025-12-06 * Franprix
    Expenses:Food:Groceries              12.68 EUR
    Assets:UK:Revolut:Personal:EUR      -12.68 EUR

2025-12-06 * Amex subscription
    Expenses:Finance:CreditCard          16 EUR
    Liabilities:FR:Amex:Gold            -16 EUR

2025-12-06 * Nike Retail BV Paris
    Liabilities:FR:Amex:Gold       102.98 EUR
    Expenses:Shopping:Clothes     -102.98 EUR

2025-12-06 * Leroy-Merlin cleaning products  ; flat-vincennes:
    Expenses:Home:Maintenance          38.94 EUR
    Liabilities:FR:Amex:Gold          -38.94 EUR
    Expenses:Home:Maintenance         -19.47 EUR
    Liabilities:Payables:Aurelie       19.47 EUR

2025-12-06 * Deliveroo
    Expenses:Food:FastFood         26.84 EUR
    Liabilities:FR:Amex:Gold      -26.84 EUR

2025-12-06 * Franprix cleaning products
    Expenses:Home:Maintenance       13.20 EUR
    Liabilities:FR:Amex:Gold       -13.20 EUR

2025-12-07 * Dryer for bed linen
    Expenses:Home:Laundry                      1.30 EUR
    Assets:FR:BoursoBank:Compte-Courant       -1.30 EUR

2025-12-07 * Dryer for bed linen
    Expenses:Home:Laundry                      1.30 EUR
    Assets:FR:BoursoBank:Compte-Courant       -1.30 EUR

2025-12-07 * Cash
    Expenses:Home:Improvements        1,400. EUR
    Assets:Cash:EUR                  -1,400. EUR
    Expenses:Home:Improvements          -700 EUR
    Liabilities:Payables:Aurelie         700 EUR

2025-12-07 * Van hire Nadir
    Expenses:Home            75 EUR
    Assets:Cash:EUR         -75 EUR

2025-12-07 * Sold TV
    Assets:Cash:EUR         250 EUR
    Income:Resale          -250 EUR

2025-12-07 * Cigarettes
    Expenses:Cigarettes          13 EUR
    Assets:Cash:EUR             -13 EUR

2025-12-07 * Franprix
    Expenses:Food:Groceries              28.51 EUR
    Assets:UK:Revolut:Personal:EUR      -28.51 EUR

2025-12-07 * OpenAI
    Expenses:Subscriptions:Software       19.17 EUR
    Assets:UK:Revolut:Personal:EUR       -19.17 EUR

2025-12-07 * Revolut premium account
    Expenses:Finance:Bank                 7.99 GBP
    Assets:UK:Revolut:Personal:GBP       -7.99 GBP

2025-12-07 * Leroy Merlin  ; flat-vincennes
    Expenses:Home:Furniture           114.37 EUR
    Liabilities:FR:Amex:Gold         -114.37 EUR
    Expenses:Home:Furniture           -57.20 EUR
    Liabilities:Payables:Aurelie       57.20 EUR

2025-12-08 * Cash withdrawal
    Assets:Cash:EUR                           600 EUR
    Assets:FR:BforBank:Compte-Courant        -600 EUR

2025-12-08 * Franprix
    Expenses:Food:Groceries                  6.23 EUR
    Assets:FR:BforBank:Compte-Courant       -6.23 EUR

2025-12-08 * Treatment
    Expenses:PersonalCare:Discretionary         180 EUR
    Assets:Cash:EUR                            -180 EUR

2025-12-08 * Yoojo cartons
    Expenses:Home            10 EUR
    Assets:Cash:EUR         -10 EUR

2025-12-08 * Cafe Nuances
    Expenses:Food:Cafe                    4.50 EUR
    Assets:UK:Revolut:Personal:EUR       -4.50 EUR

2025-12-08 * Yoojo cartons  ; flat-vincennes:
    Expenses:Home                         48 EUR
    Expenses:Home                        -24 EUR
    Liabilities:Payables:Aurelie         -24 EUR

2025-12-09 * Transfer to CCF joint-account
    Equity:Capital:Huchon:Jean            50 EUR
    Assets:FR:CCF:Compte-Courant         -50 EUR

2025-12-09 * Cigarettes
    Expenses:Cigarettes                     13 EUR
    Assets:UK:Revolut:Personal:EUR         -13 EUR

2025-12-09 * Le Rubis
    Expenses:Entertainment:Social:Bars       18.80 EUR
    Assets:UK:Revolut:Personal:EUR          -18.80 EUR

2025-12-09 * Deliveroo
    Expenses:Food:Delivery         19.35 EUR
    Liabilities:FR:Amex:Gold      -19.35 EUR

2025-12-09 * Justine Christmas Gift
    Expenses:GiftsCharity:Gifts           80 EUR
    Liabilities:Payables:Aurelie         -80 EUR

2025-12-10 * Amex settlement
    Liabilities:FR:Amex:Gold         1,771.15 EUR
    Assets:FR:CCF:Compte-Courant    -1,771.15 EUR

2025-12-10 * Cigarettes
    Expenses:Cigarettes                     13 EUR
    Assets:UK:Revolut:Personal:EUR         -13 EUR

2025-12-10 * Lebara mobile
    Expenses:Home:Utilities:MobilePhone           5 GBP
    Assets:UK:Revolut:Personal:GBP               -5 GBP

2025-12-11 * Mum settlement
    Assets:FR:BforBank:Compte-Courant         250 EUR
    Assets:Receivables:Mum                   -250 EUR

2025-12-11 * Cafe Nuances
    Expenses:Food:Cafe                       5 EUR
    Assets:UK:Revolut:Personal:EUR          -5 EUR

2025-12-11 * Cigarettes
    Expenses:Cigarettes                     13 EUR
    Assets:UK:Revolut:Personal:EUR         -13 EUR

2025-12-11 * Franprix
    Expenses:Food:Groceries               7.35 EUR
    Assets:UK:Revolut:Personal:EUR       -7.35 EUR

2025-12-11 * Orel Service  ; flat-vincennes:
    Expenses:Home:Maintenance     2,209.90 EUR
    Liabilities:FR:Amex:Gold     -2,209.90 EUR

2025-12-12 * Cali class with Kevin
    Expenses:GiftsCharity:Gifts          15 EUR  ; aurelie:
    Expenses:Health:Gym                  35 EUR
    Assets:Cash:EUR                     -50 EUR

2025-12-12 * Cigarettes
    Expenses:Cigarettes                     13 EUR
    Assets:UK:Revolut:Personal:EUR         -13 EUR

2025-12-12 * Le Caracal Saint Mande  ; aurelie:
    Expenses:Entertainment:Social:Bars       18.50 EUR
    Liabilities:FR:Amex:Gold                -18.50 EUR

2025-12-12 * Ikea France Paris  ; flat-vincennes:
    Expenses:Home:Furniture          1,012.95 EUR
    Liabilities:FR:Amex:Gold        -1,012.95 EUR
    Expenses:Home:Furniture           -506.48 EUR
    Liabilities:Payables:Aurelie       506.48 EUR

2025-12-12 * Dott pass
    Expenses:Transportation:Bikesharing        5.99 EUR
    Liabilities:FR:Amex:Gold                  -5.99 EUR

2025-12-12 * Dott ride
    Expenses:Transportation:Bikesharing        1.75 EUR
    Liabilities:FR:Amex:Gold                  -1.75 EUR

2025-12-12 * Deliveroo Fees
    Expenses:Food:OfficeLunch        2.15 EUR
    Liabilities:FR:Amex:Gold        -2.15 EUR

2025-12-12 * Dott ride
    Expenses:Transportation:Bikesharing        1.75 EUR
    Liabilities:FR:Amex:Gold                  -1.75 EUR

2025-12-12 * Applique mural sdb  ; flat-vincennes:
    Expenses:Home:Furniture           204.15 EUR
    Expenses:Home:Furniture          -102.09 EUR
    Liabilities:Payables:Aurelie     -102.06 EUR

2025-12-12 * Leroy Merlin stores poignees ampoules vis  ; flat-vincennes:
    Expenses:Home:Maintenance            123 EUR
    Expenses:Home:Maintenance         -61.47 EUR
    Liabilities:Payables:Aurelie      -61.53 EUR

2025-12-13 * Fitness Park
    Expenses:Health:Gym                        60 EUR
    Assets:FR:BforBank:Compte-Courant         -60 EUR

2025-12-13 * Cash withdrawal
    Assets:Cash:EUR                           120 EUR
    Assets:FR:BforBank:Compte-Courant        -120 EUR  ; date: 2025-11-16

2025-12-13 * Therapy
    Expenses:Health:Therapy         120 EUR
    Assets:Cash:EUR                -120 EUR

2025-12-13 * Cafe and pain suisse
    Expenses:Food:Cafe                    3.20 EUR
    Assets:UK:Revolut:Personal:EUR       -3.20 EUR

2025-12-13 * Cigarettes
    Expenses:Cigarettes                     13 EUR
    Assets:UK:Revolut:Personal:EUR         -13 EUR

2025-12-13 * Cafe
    Expenses:Food:Cafe                    2.30 EUR
    Assets:UK:Revolut:Personal:EUR       -2.30 EUR

2025-12-14 * Cash withdrawal
    Assets:Cash:EUR                            20 EUR
    Assets:FR:BforBank:Compte-Courant         -20 EUR  ; date: 2025-11-16

2025-12-14 * Hairdresser
    Expenses:PersonalCare:Hair       12.95 EUR
    Assets:Cash:EUR                 -12.95 EUR

2025-12-14 * Cigarettes
    Expenses:Cigarettes                     13 EUR
    Assets:UK:Revolut:Personal:EUR         -13 EUR

2025-12-14 * Dott ride
    Expenses:Transportation:Bikesharing        1.75 EUR
    Liabilities:FR:Amex:Gold                  -1.75 EUR

2025-12-15 * Cash withdrawal
    Assets:Cash:EUR                            20 EUR
    Assets:FR:BforBank:Compte-Courant         -20 EUR  ; date: 2025-11-16

2025-12-15 * Le 164
    Expenses:Entertainment:Social:Bars          18 EUR
    Assets:FR:BforBank:Compte-Courant          -18 EUR

2025-12-15 * Cigarettes
    Expenses:Cigarettes          13 EUR
    Assets:Cash:EUR             -13 EUR

2025-12-15 * Boulanger Magali
    Expenses:Food:Groceries               6.06 EUR
    Assets:UK:Revolut:Personal:EUR       -6.06 EUR

2025-12-15 * Franprix
    Expenses:Food:Groceries              10.49 EUR
    Assets:UK:Revolut:Personal:EUR      -10.49 EUR

2025-12-15 * Beeminder fine
    Expenses:Subscriptions:Software        3.76 GBP
    Assets:UK:Revolut:Personal:GBP        -3.76 GBP

2025-12-16 * EDF Citeaux contract closure
    Expenses:Home:Utilities:Electricity       34.89 EUR
    Assets:FR:CCF:Compte-Courant             -34.89 EUR

2025-12-16 * H Kitchen
    Expenses:Food:Restaurants          80 EUR
    Liabilities:FR:Amex:Gold          -80 EUR

2025-12-16 * Dott ride
    Expenses:Transportation:Bikesharing        1.75 EUR
    Liabilities:FR:Amex:Gold                  -1.75 EUR

2025-12-16 * Anti-vibration pads  ; flat-vincennes:
    Expenses:Home:Maintenance          10.98 EUR
    Liabilities:FR:Amex:Gold          -10.98 EUR
    Expenses:Home:Maintenance          -5.49 EUR
    Liabilities:Payables:Aurelie        5.49 EUR

2025-12-16 * Washing machine filter  ; flat-vincennes:
    Expenses:Home:Maintenance          19.97 EUR
    Liabilities:FR:Amex:Gold          -19.97 EUR
    Expenses:Home:Maintenance          -9.98 EUR
    Liabilities:Payables:Aurelie        9.98 EUR

2025-12-17 * Cigarettes
    Expenses:Cigarettes                     13 EUR
    Assets:UK:Revolut:Personal:EUR         -13 EUR

2025-12-17 * Creperie
    Expenses:Food:Groceries                  4 EUR
    Assets:UK:Revolut:Personal:EUR          -4 EUR

2025-12-18 * Deliveroo fee
    Expenses:Food:Delivery          1.98 EUR
    Liabilities:FR:Amex:Gold       -1.98 EUR

2025-12-19 * Cigarettes
    Expenses:Cigarettes                        13 EUR
    Assets:FR:BforBank:Compte-Courant         -13 EUR

2025-12-19 * Carrefour
    Expenses:Food:Groceries        24.79 EUR
    Liabilities:FR:Amex:Gold      -24.79 EUR

2025-12-19 * Uber trip to work
    Expenses:Transportation:Taxi       22.94 EUR
    Liabilities:FR:Amex:Gold          -22.94 EUR

2025-12-19 * Leroy Merlin  ; flat-vincennes:
    Expenses:Home:Maintenance          66.87 EUR
    Liabilities:FR:Amex:Gold          -66.87 EUR
    Expenses:Home:Maintenance         -33.44 EUR
    Liabilities:Payables:Aurelie       33.44 EUR

2025-12-20 * 111 Cap severance package
    Assets:FR:BforBank:Compte-Courant     48,810.31 EUR
    Income:FR:111Capital:Salary          -48,810.31 EUR

2025-12-20 * Cash withdrawal
    Assets:Cash:EUR                            20 EUR
    Assets:FR:BforBank:Compte-Courant         -20 EUR

2025-12-20 * Cigarettes
    Expenses:Cigarettes          13 EUR
    Assets:Cash:EUR             -13 EUR

2025-12-20 * Therapy
    Expenses:Health:Therapy          60 EUR
    Assets:Cash:EUR                 -60 EUR

2025-12-20 * Cigarettes
    Expenses:Cigarettes                     13 EUR
    Assets:UK:Revolut:Personal:EUR         -13 EUR

2025-12-20 * Maison B&B
    Expenses:Food:Cafe                    3.70 EUR
    Assets:UK:Revolut:Personal:EUR       -3.70 EUR

2025-12-20 * Boulanger Magali
    Expenses:Food:Groceries               7.66 EUR
    Assets:UK:Revolut:Personal:EUR       -7.66 EUR

2025-12-20 * Champagne tasting
    Expenses:Entertainment:Social:Bars         100 EUR
    Liabilities:FR:Amex:Gold                  -100 EUR

2025-12-20 * Credence adhesive cuisine  ; flat-vincennes:
    Expenses:Home                        100 EUR
    Expenses:Home                        -50 EUR
    Liabilities:Payables:Aurelie         -50 EUR

2025-12-21 * Laundry for bed linen
    Expenses:Home:Maintenance             4.50 EUR
    Assets:UK:Revolut:Personal:EUR       -4.50 EUR

2025-12-21 * Cigarettes
    Expenses:Cigarettes                     13 EUR
    Assets:UK:Revolut:Personal:EUR         -13 EUR

2025-12-21 * Fisherman's Friend
    Expenses:Food:Snack                   2.50 EUR
    Assets:UK:Revolut:Personal:EUR       -2.50 EUR

2025-12-21 * Dryer for bed linen
    Expenses:Home:Laundry                 1.30 EUR
    Assets:UK:Revolut:Personal:EUR       -1.30 EUR

2025-12-21 * Dryer for bed linen
    Expenses:Home:Laundry                 1.30 EUR
    Assets:UK:Revolut:Personal:EUR       -1.30 EUR

2025-12-22 * Refund taxi 111
    Assets:FR:BforBank:Compte-Courant       22.94 EUR
    Income:FR:111Capital:Salary            -22.94 EUR

2025-12-22 * Carrefour
    Expenses:Food:Groceries              12.27 EUR
    Assets:UK:Revolut:Personal:EUR      -12.27 EUR

2025-12-23 * Cash withdrawal
    Assets:Cash:EUR                            20 EUR
    Assets:FR:BforBank:Compte-Courant         -20 EUR

2025-12-23 * Cash withdrawal
    Assets:Cash:EUR                            60 EUR
    Assets:FR:BforBank:Compte-Courant         -60 EUR

2025-12-23 * Pharmacie Vincennes Saint Mande  ; aurelie:
    Expenses:Health:Pharmacy                15.90 EUR
    Assets:FR:BforBank:Compte-Courant      -15.90 EUR

2025-12-23 * Cigarettes
    Expenses:Cigarettes          13 EUR
    Assets:Cash:EUR             -13 EUR

2025-12-23 * Decathlon gifts
    ; racket for Arnaud and racket bag for Aurelie
    Expenses:GiftsCharity:Gifts       68.98 EUR
    Liabilities:FR:Amex:Gold         -68.98 EUR

2025-12-23 * Leroy Merlin  ; flat-vincennes:
    Expenses:Home:Maintenance          35.52 EUR
    Liabilities:FR:Amex:Gold          -35.52 EUR
    Expenses:Home:Maintenance         -17.76 EUR
    Liabilities:Payables:Aurelie       17.76 EUR

2025-12-23 * Deliveroo
    Expenses:Food:Delivery         33.64 EUR
    Liabilities:FR:Amex:Gold      -33.64 EUR

2025-12-24 * Stage TC12
    Expenses:Health:Sport:Tennis              240 EUR
    Assets:FR:BforBank:Compte-Courant        -240 EUR
    Expenses:Health:Sport:Tennis             -120 EUR
    Liabilities:Payables:Aurelie              120 EUR

2025-12-24 * Cash withdrawal
    Assets:Cash:EUR                            20 EUR
    Assets:FR:BforBank:Compte-Courant         -20 EUR

2025-12-24 * Cigarettes
    Expenses:Cigarettes          13 EUR
    Assets:Cash:EUR             -13 EUR

2025-12-24 * Franprix
    Expenses:Food:Groceries              22.21 EUR
    Assets:UK:Revolut:Personal:EUR      -22.21 EUR

2025-12-24 * Decathlon xmas gift
    Expenses:GiftsCharity:Gifts         -10 EUR
    Liabilities:FR:Amex:Gold             10 EUR

2025-12-25 * Cigarettes
    Expenses:Cigarettes                     13 EUR
    Assets:UK:Revolut:Personal:EUR         -13 EUR

2025-12-26 * Relay
    Expenses:Food:Snack                      5 EUR
    Assets:UK:Revolut:Personal:EUR          -5 EUR

2025-12-26 * Cigarettes
    Expenses:Cigarettes                     13 EUR
    Assets:UK:Revolut:Personal:EUR         -13 EUR

2025-12-26 * Bathroom sink organisers
    Expenses:Home                      88.98 EUR
    Liabilities:FR:Amex:Gold          -88.98 EUR
    Expenses:Home                     -44.49 EUR
    Liabilities:Payables:Aurelie       44.49 EUR

2025-12-27 * Poppie
    Expenses:Food:Cafe                       3 EUR
    Assets:UK:Revolut:Personal:EUR          -3 EUR

2025-12-28 * Padel rackets & balls rental  ; aurelie:
    Expenses:Entertainment:Social:Sports       18.50 EUR
    Assets:UK:Revolut:Personal:EUR            -18.50 EUR

2025-12-28 * Poppie  ; aurelie:
    Expenses:Food:Cafe                   15.60 EUR
    Assets:UK:Revolut:Personal:EUR      -15.60 EUR

2025-12-28 * Mignardises
    Expenses:Food:Snack                   3.08 EUR
    Assets:UK:Revolut:Personal:EUR       -3.08 EUR

2025-12-29 * Cigarettes
    Expenses:Cigarettes                     13 EUR
    Assets:UK:Revolut:Personal:EUR         -13 EUR

2025-12-29 * Deliveroo
    Expenses:Food:Delivery         32.79 EUR
    Liabilities:FR:Amex:Gold      -32.79 EUR

2025-12-29 * Kitchen sink organiser
    Expenses:Home                      59.99 EUR
    Liabilities:FR:Amex:Gold          -59.99 EUR
    Expenses:Home                        -30 EUR
    Liabilities:Payables:Aurelie          30 EUR

2025-12-30 * SFR
    Expenses:Home:Utilities:MobilePhone       11.99 EUR
    Assets:FR:BforBank:Compte-Courant        -11.99 EUR

2025-12-30 * Carrefour
    Expenses:Food:Groceries               8.68 EUR
    Assets:UK:Revolut:Personal:EUR       -8.68 EUR

2025-12-30 * Deliveroo
    Expenses:Food:Delivery         19.03 EUR
    Liabilities:FR:Amex:Gold      -19.03 EUR

2025-12-31 * Interest income LDDS
    Assets:FR:CCF:LDDS           0.04 EUR
    Income:FR:CCF:LivretA       -0.04 EUR

2025-12-31 * Carrefour
    Expenses:Food:Groceries              46.20 EUR
    Assets:UK:Revolut:Personal:EUR      -46.20 EUR

2025-12-31 * retain earnings  ; retain:
    Expenses:Cigarettes                           -3,368.30 EUR = 0.00 EUR
    Expenses:Cigarettes                              -70.26 GBP = 0.00 GBP
    Expenses:Education:Books                         -45.69 EUR = 0.00 EUR
    Expenses:Entertainment                             -183 EUR = 0 EUR
    Expenses:Entertainment:Digital                  -102.88 EUR = 0.00 EUR
    Expenses:Entertainment:Events                   -330.80 EUR = 0.00 EUR
    Expenses:Entertainment:Events:Cinema             -83.20 EUR = 0.00 EUR
    Expenses:Entertainment:Events:Concerts               -3 EUR = 0 EUR
    Expenses:Entertainment:Events:Sports            -361.44 EUR = 0.00 EUR
    Expenses:Entertainment:Reading:Books              -8.90 EUR = 0.00 EUR
    Expenses:Entertainment:Reading:Magazines          -5.90 EUR = 0.00 EUR
    Expenses:Entertainment:Social:Bars            -1,962.33 EUR = 0.00 EUR
    Expenses:Entertainment:Social:Bars               -16.70 GBP = 0.00 GBP
    Expenses:Entertainment:Social:Sports            -346.41 EUR = 0.00 EUR
    Expenses:Entertainment:Social:Sports                -80 GBP = 0 GBP
    Expenses:GiftsCharity:Charity                    -23.59 EUR = 0.00 EUR
    Expenses:GiftsCharity:Gifts                   -1,671.95 EUR = 0.00 EUR
    Expenses:Home                                   -408.71 EUR = 0.00 EUR
    Expenses:Home:Furniture                       -2,340.64 EUR = 0.00 EUR
    Expenses:Home:Improvements                    -4,884.90 EUR = 0.00 EUR
    Expenses:Home:Laundry                             -5.20 EUR = 0.00 EUR
    Expenses:Home:Maintenance                     -2,964.56 EUR = 0.00 EUR
    Expenses:Home:Rent                             -14,350. EUR = 0 EUR
    Expenses:Home:Utilities:Electricity             -566.33 EUR = 0.00 EUR
    Expenses:Home:Utilities:MobilePhone             -217.70 EUR = 0.00 EUR
    Expenses:Home:Utilities:MobilePhone                 -10 GBP = 0 GBP
    Expenses:Misc                                    -71.51 EUR = 0.00 EUR
    Expenses:Misc                                     -0.20 GBP = 0.00 GBP
    Expenses:Misc:Unaccounted                       -130.43 EUR = 0.00 EUR
    Expenses:Resale                                   -4.33 EUR = 0.00 EUR
    Expenses:Shopping                                -86.99 EUR = 0.00 EUR
    Expenses:Shopping:Clothes                       -683.67 EUR = 0.00 EUR
    Expenses:Shopping:Electronics                   -472.66 EUR = 0.00 EUR
    Expenses:Shopping:Sport                         -788.49 EUR = 0.00 EUR
    Expenses:Subscriptions                           -11.99 EUR = 0.00 EUR
    Expenses:Subscriptions:Software                 -840.70 EUR = 0.00 EUR
    Expenses:Subscriptions:Software                  -48.92 GBP = 0.00 GBP
    Expenses:Taxes                                -2,483.05 EUR = 0.00 EUR
    Expenses:Finance:ATM                              -4.70 EUR = 0.00 EUR
    Expenses:Finance:Bank                            -35.50 EUR = 0.00 EUR
    Expenses:Finance:Bank                             -7.99 GBP = 0.00 GBP
    Expenses:Finance:CreditCard                        -189 EUR = 0 EUR
    Expenses:Food:Cafe                              -708.05 EUR = 0.00 EUR
    Expenses:Food:Cafe                               -27.61 GBP = 0.00 GBP
    Expenses:Food:Delivery                          -718.13 EUR = 0.00 EUR
    Expenses:Food:FastFood                          -353.06 EUR = 0.00 EUR
    Expenses:Food:FastFood                           -23.90 GBP = 0.00 GBP
    Expenses:Food:Groceries                       -2,110.82 EUR = 0.00 EUR
    Expenses:Food:Groceries                          -35.95 GBP = 0.00 GBP
    Expenses:Food:OfficeLunch                       -882.10 EUR = 0.00 EUR
    Expenses:Food:Restaurants                     -2,062.84 EUR = 0.00 EUR
    Expenses:Food:Snack                             -575.83 EUR = 0.00 EUR
    Expenses:Food:Snack                                  -5 GBP = 0 GBP
    Expenses:Health:Doctor                          -159.38 EUR = 0.00 EUR
    Expenses:Health:Eye                                -310 EUR = 0 EUR
    Expenses:Health:Gym                           -2,499.09 EUR = 0.00 EUR
    Expenses:Health:Gym                                  -1 GBP = 0 GBP
    Expenses:Health:Pharmacy                        -181.21 EUR = 0.00 EUR
    Expenses:Health:Sport                              -110 EUR = 0 EUR
    Expenses:Health:Sport:Tennis                    -1,925. EUR = 0 EUR
    Expenses:Health:Therapy                         -2,280. EUR = 0 EUR
    Expenses:Insurance:Home                         -260.61 EUR = 0.00 EUR
    Expenses:PersonalCare:Discretionary             -2,950. EUR = 0 EUR
    Expenses:PersonalCare:Hair                      -585.93 EUR = 0.00 EUR
    Expenses:PersonalCare:Laundry                        -8 EUR = 0 EUR
    Expenses:PersonalCare:Tailoring                     -10 EUR = 0 EUR
    Expenses:Transportation:Bikesharing             -311.25 EUR = 0.00 EUR
    Expenses:Transportation:CarRental               -908.31 EUR = 0.00 EUR
    Expenses:Transportation:PublicTransport       -1,099.04 EUR = 0.00 EUR
    Expenses:Transportation:PublicTransport          -38.51 GBP = 0.00 GBP
    Expenses:Transportation:Taxi                    -413.91 EUR = 0.00 EUR
    Expenses:Transportation:Toll                      -2.50 EUR = 0.00 EUR
    Expenses:Travel:Flights                         -1,399. EUR = 0 EUR
    Expenses:Travel:Holidays                      -1,345.93 EUR = 0.00 EUR
    Expenses:Travel:Holidays:Accommodation        -1,546.74 EUR = 0.00 EUR
    Expenses:Travel:Train                              -677 EUR = 0 EUR
    Income:Resale                                       300 EUR = 0 EUR
    Income:Resale:Vinted                             162.25 EUR = 0.00 EUR
    Income:CapitalGains:Moneyfarm                  6,376.06 GBP = 0.00 GBP
    Income:CapitalGains:BourseDirect                 545.40 EUR = 0.00 EUR
    Income:CapitalGains:Epsor:PEI                  8,754.21 EUR = 0.00 EUR
    Income:CapitalGains:Epsor:PER                  2,636.17 EUR = 0.00 EUR
    Income:FR:111Capital:Abondement               10,210.51 EUR = 0.00 EUR
    Income:FR:111Capital:Interessement            22,546.10 EUR = 0.00 EUR
    Income:FR:111Capital:Participation             5,817.50 EUR = 0.00 EUR
    Income:FR:111Capital:Salary                  132,631.48 EUR = 0.00 EUR
    Income:FR:CCF:LivretA                              0.04 EUR = 0.00 EUR
    Equity:Retained-Earnings                    -117,171.48 EUR
    Equity:Retained-Earnings                      -6,010.02 GBP
