;; -*- mode: ledger; coding: utf-8 -*-

2024-05-01 * AMEX - 2024-03-24 - Brother Sister Paris
    Expenses:Food:Restaurants               EUR 44.55
    Assets:FR:BforBank:Compte-Courant      EUR -44.55

2024-05-01 * AMEX - 2024-03-30 - Brasserie Martin
    Expenses:Food:Restaurants                  EUR 55
    Assets:FR:BforBank:Compte-Courant         EUR -55

2024-05-01 * AMEX - 2024-04-06 - R2 Training
    Expenses:Health:Gym                       EUR 179
    Assets:FR:BforBank:Compte-Courant        EUR -179

2024-05-01 * AMEX - 2024-04-11 - Cake Couvreur
    Expenses:GiftsCharity:Gifts             EUR 46.49
    Assets:FR:BforBank:Compte-Courant      EUR -46.49

2024-05-01 * AMEX - 2024-04-19 - Bonne Gueule
    Expenses:Shopping:Clothes                 EUR 125
    Assets:FR:BforBank:Compte-Courant        EUR -125

2024-05-01 * AMEX - 2024-04-19 - Frog Hop House
    Expenses:Entertainment:Social:Bars          EUR 13
    Assets:FR:BforBank:Compte-Courant          EUR -13

2024-05-01 * AMEX - 2024-04-20 - AMEX subscription
    Expenses:Finance:CreditCard                   EUR 15
    Assets:FR:BforBank:Compte-Courant         EUR -15

2024-05-01 * AMEX - 2024-04-21 - Car rental Madeira
    Expenses:Transportation:CarRental       EUR 44.28
    Assets:FR:BforBank:Compte-Courant      EUR -44.28

2024-05-01 * AMEX - 2024-04-24 - Airbnb Madeira
    Expenses:Travel:Holidays                  EUR 754
    Assets:FR:BforBank:Compte-Courant        EUR -754

2024-05-01 * AMEX - 2024-05-04 - Deliveroo fee
    Expenses:Food:Delivery                   EUR 1.98
    Assets:FR:BforBank:Compte-Courant       EUR -1.98

2024-05-01 * Deliveroo
    Expenses:Food:Delivery                  EUR 14.48
    Assets:FR:BforBank:Compte-Courant      EUR -14.48

2024-05-02 * 111 Cap wage
    Assets:FR:BforBank:Compte-Courant     EUR 4807.83
    Income:FR:111Capital:Salary          EUR -4807.83

2024-05-02 * Cigarettes
    Expenses:Cigarettes                      EUR 12.5
    Assets:FR:BforBank:Compte-Courant       EUR -12.5

2024-05-02 * Navigo May'24
    Expenses:Transportation:PublicTransport        EUR 86.4
    Assets:FR:BforBank:Compte-Courant             EUR -86.4

2024-05-02 * Rent Citeaux
    Expenses:Home:Rent                       EUR 1330
    Assets:FR:BforBank:Compte-Courant       EUR -1330

2024-05-03 * Café Nuances
    Expenses:Food:Cafe                          EUR 5
    Assets:FR:BforBank:Compte-Courant          EUR -5

2024-05-03 * Carrefour City groceries
    Expenses:Food:Groceries                  EUR 5.27
    Assets:FR:BforBank:Compte-Courant       EUR -5.27

2024-05-03 * Cigarettes
    Expenses:Cigarettes                      EUR 12.5
    Assets:FR:BforBank:Compte-Courant       EUR -12.5

2024-05-03 * Hairdresser
    Expenses:PersonalCare:Hair                 EUR 22
    Assets:FR:BforBank:Compte-Courant         EUR -22

2024-05-03 * Le Monde Diplomatique
    Expenses:Entertainment:Reading:Magazines         EUR 5.4
    Assets:FR:BforBank:Compte-Courant               EUR -5.4

2024-05-03 * MacroFactor subscription
    Expenses:Subscriptions:Software         EUR 13.99
    Assets:FR:BforBank:Compte-Courant      EUR -13.99

2024-05-03 * Monoprix groceries
    Expenses:Food:Snack                      EUR 5.94
    Assets:FR:BforBank:Compte-Courant       EUR -5.94

2024-05-03 * Relay snacks Gare du Nord
    Expenses:Food:Snack                         EUR 6
    Assets:FR:BforBank:Compte-Courant          EUR -6

2024-05-05 * AMEX - 2024-05-05 - R2 Training
    Expenses:Health:Gym                       EUR 179
    Assets:FR:BforBank:Compte-Courant        EUR -179

2024-05-05 * Cigarettes
    Expenses:Cigarettes                      EUR 12.5
    Assets:FR:BforBank:Compte-Courant       EUR -12.5

2024-05-05 * Coca Sasha Pirates
    Expenses:Entertainment:Social:Bars           EUR 4
    Assets:FR:BforBank:Compte-Courant           EUR -4

2024-05-05 * Deliveroo - Pizza Chez Antoine
    Expenses:Food:Delivery                  EUR 29.29
    Assets:FR:BforBank:Compte-Courant      EUR -29.29

2024-05-05 * La Petite Voile
    Expenses:Entertainment:Social:Bars           EUR 9
    Assets:FR:BforBank:Compte-Courant           EUR -9

2024-05-06 * Cigarettes
    Expenses:Cigarettes                      EUR 12.5
    Assets:FR:BforBank:Compte-Courant       EUR -12.5

2024-05-06 * Deliveroo fees
    Expenses:Food:OfficeLunch                EUR 2.48
    Assets:FR:BforBank:Compte-Courant       EUR -2.48

2024-05-06 * Donation Le Monde Diplomatique
    Expenses:GiftsCharity:Charity             EUR 100
    Assets:FR:BforBank:Compte-Courant        EUR -100

2024-05-06 * Drinks Aux Fourreurs
    Expenses:Entertainment:Social:Bars        EUR 18.2
    Assets:FR:BforBank:Compte-Courant        EUR -18.2

2024-05-06 * Savings Livret A
    Assets:FR:BforBank:LivretA               EUR 1100
    Assets:FR:BforBank:Compte-Courant       EUR -1100

2024-05-07 * Franprix groceries
    Expenses:Food:Groceries                 EUR 26.91
    Assets:FR:BforBank:Compte-Courant      EUR -26.91

2024-05-07 * Water bottle + Financier Kayser
    Expenses:Food:Snack                         EUR 6
    Assets:FR:BforBank:Compte-Courant          EUR -6

2024-05-08 * Café Crème with Aurélie
    Expenses:Food:Restaurants               EUR 26.75
    Assets:FR:BforBank:Compte-Courant      EUR -26.75

2024-05-08 * Fondation Henri-Cartier Bresson
    Expenses:Entertainment:Events              EUR 16
    Assets:FR:BforBank:Compte-Courant         EUR -16

2024-05-08 * Tool skate Amazon
    Expenses:Shopping:Sport                  EUR 9.99
    Assets:FR:BforBank:Compte-Courant       EUR -9.99

2024-05-09 * Café Nuances
    Expenses:Food:Snack                       EUR 9.5
    Assets:FR:BforBank:Compte-Courant        EUR -9.5

2024-05-09 * Chipotle
    Expenses:Food:OfficeLunch               EUR 16.55
    Assets:FR:BforBank:Compte-Courant      EUR -16.55

2024-05-09 * Cigarettes
    Expenses:Cigarettes                      EUR 12.5
    Assets:FR:BforBank:Compte-Courant       EUR -12.5

2024-05-09 * HelloFresh
    Expenses:Food:Groceries                 EUR 48.94
    Assets:FR:BforBank:Compte-Courant      EUR -48.94

2024-05-10 * Cigarettes
    Expenses:Cigarettes                      EUR 12.5
    Assets:FR:BforBank:Compte-Courant       EUR -12.5

2024-05-10 * Drinks Frog Hop House with Alexandre
    Expenses:Entertainment:Social:Bars          EUR 13
    Assets:FR:BforBank:Compte-Courant          EUR -13

2024-05-10 * Durum
    Expenses:Food:FastFood                     EUR 11
    Assets:FR:BforBank:Compte-Courant         EUR -11

2024-05-10 * Proper Cloth shirts
    Expenses:Shopping:Clothes              EUR 211.84
    Assets:FR:BforBank:Compte-Courant     EUR -211.84

2024-05-11 * Le Drapeau drinks with Aurélie
    Expenses:Entertainment:Social:Bars        EUR 25.9
    Assets:FR:BforBank:Compte-Courant        EUR -25.9

2024-05-11 * Protein shake Franprix
    Expenses:Food:Snack                       EUR 2.9
    Assets:FR:BforBank:Compte-Courant        EUR -2.9

2024-05-11 * Therapist
    Expenses:Health:Therapy                    EUR 60
    Assets:FR:BforBank:Compte-Courant         EUR -60

2024-05-12 * Cigarettes
    Expenses:Cigarettes                      EUR 12.5
    Assets:FR:BforBank:Compte-Courant       EUR -12.5

2024-05-12 * Deliveroo - McDonald's
    Expenses:Food:Delivery                  EUR 23.28
    Assets:FR:BforBank:Compte-Courant      EUR -23.28

2024-05-12 * Fisherman's Friend
    Expenses:Food:Snack                       EUR 2.5
    Assets:FR:BforBank:Compte-Courant        EUR -2.5

2024-05-13 * Post Office Letter for Annabel
    Expenses:Home                            EUR 1.96
    Assets:FR:BforBank:Compte-Courant       EUR -1.96

2024-05-14 * Cigarettes
    Expenses:Cigarettes                      EUR 12.5
    Assets:FR:BforBank:Compte-Courant       EUR -12.5

2024-05-14 * Office lunch - WeCantine
    Expenses:Food:OfficeLunch                  EUR 12
    Assets:FR:BforBank:Compte-Courant         EUR -12

2024-05-15 * Auchan groceries
    Expenses:Food:Groceries                  EUR 3.05
    Assets:FR:BforBank:Compte-Courant       EUR -3.05

2024-05-15 * Carrefour City groceries
    Expenses:Food:Groceries                  EUR 4.43
    Assets:FR:BforBank:Compte-Courant       EUR -4.43

2024-05-15 * Cigarettes
    Expenses:Cigarettes                      EUR 12.5
    Assets:FR:BforBank:Compte-Courant       EUR -12.5

2024-05-15 * Drinks with Aurélie
    Expenses:Entertainment:Social:Bars         EUR 7.5
    Assets:FR:BforBank:Compte-Courant         EUR -7.5

2024-05-15 * Drinks with Aurélie
    Expenses:Entertainment:Social:Bars         EUR 8.5
    Assets:FR:BforBank:Compte-Courant         EUR -8.5

2024-05-15 * Fisherman's Friend
    Expenses:Food:Snack                       EUR 3.5
    Assets:FR:BforBank:Compte-Courant        EUR -3.5

2024-05-16 * Deliveroo - McDonald's
    Expenses:Food:Delivery                  EUR 19.18
    Assets:FR:BforBank:Compte-Courant      EUR -19.18

2024-05-16 * Drinks IASD
    Expenses:Entertainment:Social:Bars          EUR 18
    Assets:FR:BforBank:Compte-Courant          EUR -18

2024-05-17 * Bounty snack
    Expenses:Food:Snack                       EUR 1.5
    Assets:FR:BforBank:Compte-Courant        EUR -1.5

2024-05-17 * Cigarettes
    Expenses:Cigarettes                      EUR 12.5
    Assets:FR:BforBank:Compte-Courant       EUR -12.5

2024-05-17 * Delaville Café drinks with Aurélie-Arnaud-etc
    Expenses:Entertainment:Social:Bars        EUR 27.5
    Assets:FR:BforBank:Compte-Courant        EUR -27.5

2024-05-18 * Cigarettes
    Expenses:Cigarettes                      EUR 12.5
    Assets:FR:BforBank:Compte-Courant       EUR -12.5

2024-05-18 * Cinema tickets with Aurélie - Borderline
    Expenses:Entertainment:Events:Cinema          EUR 18
    Assets:FR:BforBank:Compte-Courant            EUR -18

2024-05-18 * Driving lesson one-hour
    Expenses:Education                         EUR 57
    Assets:FR:BforBank:Compte-Courant         EUR -57

2024-05-18 * Protein shake + protein yoghurts Carrefour
    Expenses:Food:Snack                      EUR 5.66
    Assets:FR:BforBank:Compte-Courant       EUR -5.66

2024-05-18 * Retoucheur pantalon + manteau
    Expenses:Shopping:Clothes                  EUR 50
    Assets:FR:BforBank:Compte-Courant         EUR -50

2024-05-18 * Therapist
    Expenses:Health:Therapy                    EUR 60
    Assets:FR:BforBank:Compte-Courant         EUR -60

2024-05-18 * Water bottle
    Expenses:Food:Snack                       EUR 1.8
    Assets:FR:BforBank:Compte-Courant        EUR -1.8

2024-05-19 * Café Gaia Vincennes with Aurélie
    Expenses:Food:Cafe                          EUR 8
    Assets:FR:BforBank:Compte-Courant          EUR -8

2024-05-19 * Cigarettes
    Expenses:Cigarettes                      EUR 12.5
    Assets:FR:BforBank:Compte-Courant       EUR -12.5

2024-05-19 * Les Nautes Drinks
    Expenses:Entertainment:Social:Bars          EUR 22
    Assets:FR:BforBank:Compte-Courant          EUR -22

2024-05-20 * Café Gaia Vincennes with Aurélie
    Expenses:Food:Cafe                          EUR 8
    Assets:FR:BforBank:Compte-Courant          EUR -8

2024-05-20 * Cigarettes
    Expenses:Cigarettes                      EUR 12.5
    Assets:FR:BforBank:Compte-Courant       EUR -12.5

2024-05-21 * Café de la place - Drinks with Aurélie
    Expenses:Entertainment:Social:Bars        EUR 11.4
    Assets:FR:BforBank:Compte-Courant        EUR -11.4

2024-05-21 * EDF subscription
    Expenses:Home:Utilities:Electricity          EUR 54
    Assets:FR:BforBank:Compte-Courant           EUR -54

2024-05-21 * FO subscription
    Expenses:Subscriptions                  EUR 16.64
    Assets:FR:BforBank:Compte-Courant      EUR -16.64

2024-05-22 * Baguette
    Expenses:Food:Groceries                  EUR 1.25
    Assets:FR:BforBank:Compte-Courant       EUR -1.25

2024-05-22 * Café Nuances
    Expenses:Food:Cafe                          EUR 5
    Assets:FR:BforBank:Compte-Courant          EUR -5

2024-05-22 * Cigarettes
    Expenses:Cigarettes                      EUR 12.5
    Assets:FR:BforBank:Compte-Courant       EUR -12.5

2024-05-22 * Cigarettes
    Expenses:Cigarettes                      EUR 12.5
    Assets:FR:BforBank:Compte-Courant       EUR -12.5

2024-05-22 * Danone skyr Franprix
    Expenses:Food:Snack                      EUR 2.09
    Assets:FR:BforBank:Compte-Courant       EUR -2.09

2024-05-23 * HelloFresh
    Expenses:Food:Groceries                 EUR 48.84
    Assets:FR:BforBank:Compte-Courant      EUR -48.84

2024-05-23 * HiPro yoghurt + HiPro protein shake Franprix
    Expenses:Food:Snack                       EUR 5.5
    Assets:FR:BforBank:Compte-Courant        EUR -5.5

2024-05-23 * Monoprix groceries
    Expenses:Food:Groceries                 EUR 16.31
    Assets:FR:BforBank:Compte-Courant      EUR -16.31

2024-05-24 * Beeminder fine
    Expenses:Subscriptions:Software          EUR 4.68
    Assets:FR:BforBank:Compte-Courant       EUR -4.68

2024-05-24 * Café Gaia Vincennes with Aurélie
    Expenses:Food:Cafe                          EUR 8
    Assets:FR:BforBank:Compte-Courant          EUR -8

2024-05-24 * Ticket T+
    Expenses:Transportation:PublicTransport        EUR 2.15
    Assets:FR:BforBank:Compte-Courant             EUR -2.15

2024-05-25 * Drinks Table d'Aligre with Aurélie
    Expenses:Entertainment:Social:Bars          EUR 11
    Assets:FR:BforBank:Compte-Courant          EUR -11

2024-05-25 * Therapist
    Expenses:Health:Therapy                    EUR 60
    Assets:FR:BforBank:Compte-Courant         EUR -60

2024-05-26 * Crème Vincennes - Ice cream with Aurélie
    Expenses:Food:Snack                        EUR 10
    Assets:FR:BforBank:Compte-Courant         EUR -10

2024-05-26 * McDonald's
    Expenses:Food:FastFood                  EUR 17.05
    Assets:FR:BforBank:Compte-Courant      EUR -17.05

2024-05-27 * Baguette
    Expenses:Food:Groceries                   EUR 1.1
    Assets:FR:BforBank:Compte-Courant        EUR -1.1

2024-05-27 * Cigarettes
    Expenses:Cigarettes                      EUR 12.5
    Assets:FR:BforBank:Compte-Courant       EUR -12.5

2024-05-28 * Auchan breakfast
    Expenses:Food:Groceries                  EUR 4.19
    Assets:FR:BforBank:Compte-Courant       EUR -4.19

2024-05-28 * Cigarettes
    Expenses:Cigarettes                      EUR 12.5
    Assets:FR:BforBank:Compte-Courant       EUR -12.5

2024-05-28 * Driving lesson two hours
    Expenses:Education                        EUR 114
    Assets:FR:BforBank:Compte-Courant        EUR -114

2024-05-28 * Red by SFR
    Expenses:Home:Utilities:MobilePhone       EUR 17.98
    Assets:FR:BforBank:Compte-Courant        EUR -17.98

2024-05-29 * Drinks wine bar with Guillaume
    Expenses:Entertainment:Social:Bars         EUR 9.9
    Assets:FR:BforBank:Compte-Courant         EUR -9.9

2024-05-29 * Snack Kayser
    Expenses:Food:Snack                       EUR 5.5
    Assets:FR:BforBank:Compte-Courant        EUR -5.5

2024-05-29 * Velib monthly fees
    Expenses:Transportation:Bikesharing           EUR 4
    Assets:FR:BforBank:Compte-Courant            EUR -4

2024-05-30 * Beeminder fine
    Expenses:Subscriptions:Software         EUR 27.85
    Assets:FR:BforBank:Compte-Courant      EUR -27.85

2024-05-30 * Cigarettes
    Expenses:Cigarettes                      EUR 12.5
    Assets:FR:BforBank:Compte-Courant       EUR -12.5

2024-05-30 * Deliveroo fees
    Expenses:Food:OfficeLunch                EUR 1.49
    Assets:FR:BforBank:Compte-Courant       EUR -1.49

2024-05-30 * Receivable holidays Madeira
    Assets:FR:Receivables:Aurelie            EUR 563
    Expenses:Travel:Holidays

2024-05-30 * Settlement Aurelie holidays Madeira
    Assets:FR:BforBank:Compte-Courant        EUR 563
    Assets:FR:Receivables:Aurelie
