;; -*- mode: ledger; coding: utf-8 -*-

2025-01-01 * 111 Cap wage
    Assets:FR:BforBank:Compte-Courant     4752.65 EUR
    Income:FR:111Capital:Salary          -4752.65 EUR

2025-01-01 * AMEX - 2024-12-14 - Sandisk external drive
    Expenses:Shopping:Electronics          145.98 EUR
    Assets:FR:BforBank:Compte-Courant     -145.98 EUR

2025-01-01 * AMEX - 2024-12-17 - Flights Paris - Dakhla
    Expenses:Travel:Flights                   508 EUR
    Assets:FR:BforBank:Compte-Courant        -508 EUR

2025-01-01 * AMEX - 2024-12-20 - AMEX subscription
    Expenses:Finance:CreditCard                   15 EUR
    Assets:FR:BforBank:Compte-Courant         -15 EUR

2025-01-01 * AMEX - 2024-12-20 - Hair cosmetics for mum
    Expenses:GiftsCharity:Gifts              33.6 EUR
    Assets:FR:BforBank:Compte-Courant       -33.6 EUR

2025-01-01 * AMEX - 2024-12-25 - Amazon Dryer
    Expenses:Home:Furniture                 59.99 EUR
    Assets:FR:BforBank:Compte-Courant      -59.99 EUR

2025-01-01 * AMEX - 2024-12-28 - Toothpaste
    Expenses:Health:Pharmacy                 25.5 EUR
    Assets:FR:BforBank:Compte-Courant       -25.5 EUR

2025-01-01 * AMEX - 2024-12-29 - Breizh Café
    Expenses:Food:Restaurants               55.02 EUR
    Assets:FR:BforBank:Compte-Courant      -55.02 EUR

2025-01-01 * AMEX - 2024-12-29 - Hair cosmetics for mum
    Expenses:GiftsCharity:Gifts              33.6 EUR
    Assets:FR:BforBank:Compte-Courant       -33.6 EUR

2025-01-01 * AMEX - 2024-12-30 - Bradery NN07
    Expenses:Shopping:Clothes              101.75 EUR
    Assets:FR:BforBank:Compte-Courant     -101.75 EUR

2025-01-01 * AMEX - 2024-12-30 - Franprix groceries
    Expenses:Food:Groceries                  8.05 EUR
    Assets:FR:BforBank:Compte-Courant       -8.05 EUR

2025-01-01 * AMEX - 2024-12-30 - Frog Hop House
    Expenses:Entertainment:Social:Bars          13 EUR
    Assets:FR:BforBank:Compte-Courant          -13 EUR

2025-01-01 * AMEX - 2024-12-31 - Amazon Wool Laundry
    Expenses:Home:Maintenance               13.44 EUR
    Assets:FR:BforBank:Compte-Courant      -13.44 EUR

2025-01-01 * AMEX - 2025-01-04 - Café Gaia
    Expenses:Food:Cafe                          8 EUR
    Assets:FR:BforBank:Compte-Courant          -8 EUR

2025-01-01 * AMEX - 2025-01-05 - R2 Training
    Expenses:Health:Gym                       179 EUR
    Assets:FR:BforBank:Compte-Courant        -179 EUR

2025-01-01 * Café Bistrot
    Expenses:Food:Cafe                        8.2 EUR
    Assets:FR:BforBank:Compte-Courant        -8.2 EUR

2025-01-01 * Cigarettes
    Expenses:Cigarettes                        13 EUR
    Assets:FR:BforBank:Compte-Courant         -13 EUR

2025-01-01 * Kevin calisthenics class
    Expenses:Health:Gym                        40 EUR
    Assets:FR:BforBank:Compte-Courant         -40 EUR

2025-01-01 * Navigo Jan'25
    Expenses:Transportation:PublicTransport        88.8 EUR
    Assets:FR:BforBank:Compte-Courant             -88.8 EUR

2025-01-01 * Savings Livret A
    Assets:FR:BforBank:LivretA                300 EUR
    Assets:FR:BforBank:Compte-Courant        -300 EUR

2025-01-01 * Tea Paris Mosque
    Expenses:Food:Cafe                          4 EUR
    Assets:FR:BforBank:Compte-Courant          -4 EUR

2025-01-02 * Baguette
    Expenses:Food:Groceries                   1.3 EUR
    Assets:FR:BforBank:Compte-Courant        -1.3 EUR

2025-01-02 * Beeminder fine
    Expenses:Subscriptions:Software          4.86 EUR
    Assets:FR:BforBank:Compte-Courant       -4.86 EUR

2025-01-02 * Café Nuances
    Expenses:Food:Cafe                        4.5 EUR
    Assets:FR:BforBank:Compte-Courant        -4.5 EUR

2025-01-02 * Pain au chocolat
    Expenses:Food:Snack                       1.6 EUR
    Assets:FR:BforBank:Compte-Courant        -1.6 EUR

2025-01-02 * Rent Citeaux
    Expenses:Home:Rent                       1330 EUR
    Assets:FR:BforBank:Compte-Courant       -1330 EUR

2025-01-02 * Sweater drying rack + clothes covers
    Expenses:Home:Furniture                 31.98 EUR
    Assets:FR:BforBank:Compte-Courant      -31.98 EUR

2025-01-03 * Café
    Expenses:Food:Cafe                        1.5 EUR
    Assets:FR:BforBank:Compte-Courant        -1.5 EUR

2025-01-03 * ChatGPT credits
    Expenses:Subscriptions:Software          5.86 EUR
    Assets:FR:BforBank:Compte-Courant       -5.86 EUR

2025-01-03 * Cigarettes
    Expenses:Cigarettes                        13 EUR
    Assets:FR:BforBank:Compte-Courant         -13 EUR

2025-01-03 * Drinks with Aurélie
    Expenses:Entertainment:Social:Bars          10 EUR
    Assets:FR:BforBank:Compte-Courant          -10 EUR

2025-01-03 * Fisherman's Friend
    Expenses:Food:Snack                         2 EUR
    Assets:FR:BforBank:Compte-Courant          -2 EUR

2025-01-03 * MacroFactor subscription
    Expenses:Subscriptions:Software         13.99 EUR
    Assets:FR:BforBank:Compte-Courant      -13.99 EUR

2025-01-03 * Matches
    Expenses:Misc                             0.3 EUR
    Assets:FR:BforBank:Compte-Courant        -0.3 EUR

2025-01-04 * Beeminder fine
    Expenses:Subscriptions:Software          4.92 EUR
    Assets:FR:BforBank:Compte-Courant       -4.92 EUR

2025-01-04 * Café Vincennes with Aurélie
    Expenses:Food:Cafe                          6 EUR
    Assets:FR:BforBank:Compte-Courant          -6 EUR

2025-01-04 * Cigarettes
    Expenses:Cigarettes                        13 EUR
    Assets:FR:BforBank:Compte-Courant         -13 EUR

2025-01-04 * Galette with Arnaud
    Expenses:GiftsCharity:Gifts                33 EUR
    Assets:FR:BforBank:Compte-Courant         -33 EUR

2025-01-04 * Hairdresser
    Expenses:PersonalCare:Hair                 12 EUR
    Assets:FR:BforBank:Compte-Courant         -12 EUR

2025-01-04 * Pharmacy
    Expenses:Health:Pharmacy                 8.99 EUR
    Assets:FR:BforBank:Compte-Courant       -8.99 EUR

2025-01-05 * Beeminder fine
    Expenses:Subscriptions:Software          4.92 EUR
    Assets:FR:BforBank:Compte-Courant       -4.92 EUR

2025-01-05 * Cigarettes
    Expenses:Cigarettes                        13 EUR
    Assets:FR:BforBank:Compte-Courant         -13 EUR

2025-01-05 * McDonald's
    Expenses:Food:FastFood                     16 EUR
    Assets:FR:BforBank:Compte-Courant         -16 EUR

2025-01-05 * Medias IR
    Expenses:Subscriptions                  11.99 EUR
    Assets:FR:BforBank:Compte-Courant      -11.99 EUR

2025-01-05 * Plug extender
    Expenses:Home                               3.59 EUR
    Assets:FR:BforBank:Compte-Courant          -3.59 EUR

2025-01-05 * Sweets
    Expenses:Food:Snack                       1.5 EUR
    Assets:FR:BforBank:Compte-Courant        -1.5 EUR

2025-01-06 * Baguette
    Expenses:Food:Groceries                   1.1 EUR
    Assets:FR:BforBank:Compte-Courant        -1.1 EUR

2025-01-06 * Café Nuances
    Expenses:Food:Cafe                        4.5 EUR
    Assets:FR:BforBank:Compte-Courant        -4.5 EUR

2025-01-06 * Cigarettes
    Expenses:Cigarettes                        13 EUR
    Assets:FR:BforBank:Compte-Courant         -13 EUR

2025-01-06 * Pain au chocolat
    Expenses:Food:Snack                         3 EUR
    Assets:FR:BforBank:Compte-Courant          -3 EUR

2025-01-07 * Franprix groceries
    Expenses:Food:Groceries                 14.74 EUR
    Assets:FR:BforBank:Compte-Courant      -14.74 EUR

2025-01-08 * Beeminder fine
    Expenses:Subscriptions:Software          9.72 EUR
    Assets:FR:BforBank:Compte-Courant       -9.72 EUR

2025-01-08 * Cigarettes
    Expenses:Cigarettes                        13 EUR
    Assets:FR:BforBank:Compte-Courant         -13 EUR

2025-01-08 * Ibuprofen
    Expenses:Health:Pharmacy                    5 EUR
    Assets:FR:BforBank:Compte-Courant          -5 EUR

2025-01-08 * MS personal care
    Expenses:PersonalCare:Discretionary                     200 EUR
    Assets:FR:BforBank:Compte-Courant        -200 EUR

2025-01-09 * Vinted sales
    Assets:FR:BforBank:Compte-Courant          85 EUR
    Income:Resale:Vinted                   -85 EUR

2025-01-09 * Baguette
    Expenses:Food:Groceries                  1.25 EUR
    Assets:FR:BforBank:Compte-Courant       -1.25 EUR

2025-01-09 * Carrefour City groceries
    Expenses:Food:Groceries                  2.11 EUR
    Assets:FR:BforBank:Compte-Courant       -2.11 EUR

2025-01-09 * Cigarettes
    Expenses:Cigarettes                        13 EUR
    Assets:FR:BforBank:Compte-Courant         -13 EUR

2025-01-09 * Pain au chocolat
    Expenses:Food:Snack                       1.3 EUR
    Assets:FR:BforBank:Compte-Courant        -1.3 EUR

2025-01-09 * Sunscreen
    Expenses:Travel:Holidays                 14.5 EUR
    Assets:FR:BforBank:Compte-Courant       -14.5 EUR

2025-01-11 * Transavia checked bagage supplement
    Expenses:Travel:Flights                     3 EUR
    Assets:FR:BforBank:Compte-Courant          -3 EUR

2025-01-13 * Cash withdrawal Dakhla
    Expenses:Travel:Holidays                412.3 EUR
    Assets:FR:BforBank:Compte-Courant      -412.3 EUR

2025-01-14 * Velib monthly fees
    Expenses:Transportation:Bikesharing           4 EUR
    Assets:FR:BforBank:Compte-Courant            -4 EUR

2025-01-15 * Lebara phone plan
    Expenses:Home:Utilities:MobilePhone        5.96 EUR
    Assets:FR:BforBank:Compte-Courant         -5.96 EUR

2025-01-16 * Beeminder fine
    Expenses:Subscriptions:Software          4.88 EUR
    Assets:FR:BforBank:Compte-Courant       -4.88 EUR

2025-01-18 * Café + Pain au chocolat
    Expenses:Food:Snack                       3.3 EUR
    Assets:FR:BforBank:Compte-Courant        -3.3 EUR

2025-01-18 * Cigarettes
    Expenses:Cigarettes                        13 EUR
    Assets:FR:BforBank:Compte-Courant         -13 EUR

2025-01-18 * Therapist
    Expenses:Health:Therapy                    60 EUR
    Assets:FR:BforBank:Compte-Courant         -60 EUR

2025-01-19 * Balance settlement Dakhla expenses Aurélie
    Expenses:Travel:Holidays                  100 EUR
    Assets:FR:BforBank:Compte-Courant        -100 EUR

2025-01-20 * Cigarettes
    Expenses:Cigarettes                        13 EUR
    Assets:FR:BforBank:Compte-Courant         -13 EUR

2025-01-20 * EDF subscription
    Expenses:Home:Utilities:Electricity       75.19 EUR
    Assets:FR:BforBank:Compte-Courant        -75.19 EUR

2025-01-20 * HelloFresh
    Expenses:Food:Groceries                 48.94 EUR
    Assets:FR:BforBank:Compte-Courant      -48.94 EUR

2025-01-20 * Restaurant Villa Dakhla
    Expenses:Travel:Holidays                51.53 EUR
    Assets:FR:BforBank:Compte-Courant      -51.53 EUR

2025-01-20 * Vinted boost
    Expenses:Resale                          4.33 EUR
    Assets:FR:BforBank:Compte-Courant       -4.33 EUR

2025-01-20 * Wingfoil lessons Dakhla
    Expenses:Travel:Holidays               245.87 EUR
    Assets:FR:BforBank:Compte-Courant     -245.87 EUR

2025-01-22 * Baguette
    Expenses:Food:Groceries                   1.2 EUR
    Assets:FR:BforBank:Compte-Courant        -1.2 EUR

2025-01-22 * Carrefour City groceries
    Expenses:Food:Groceries                 17.45 EUR
    Assets:FR:BforBank:Compte-Courant      -17.45 EUR

2025-01-22 * Cigarettes
    Expenses:Cigarettes                        13 EUR
    Assets:FR:BforBank:Compte-Courant         -13 EUR

2025-01-24 * Relay Gare de Lyon bonbons eau
    Expenses:Food:Snack                       5.2 EUR
    Assets:FR:BforBank:Compte-Courant        -5.2 EUR

2025-01-25 * Bar babyfoot Val d'Isère
    Expenses:Entertainment:Social:Bars        17.6 EUR
    Assets:FR:BforBank:Compte-Courant        -17.6 EUR

2025-01-25 * Beer Val d'Isère Folie Douce
    Expenses:Entertainment:Social:Bars           8 EUR
    Assets:FR:BforBank:Compte-Courant           -8 EUR

2025-01-25 * Cigarettes
    Expenses:Cigarettes                        13 EUR
    Assets:FR:BforBank:Compte-Courant         -13 EUR

2025-01-26 * Boulangerie Val d'Isère sandwich
    Expenses:Food:Snack                      15.7 EUR
    Assets:FR:BforBank:Compte-Courant       -15.7 EUR

2025-01-26 * Cigarettes
    Expenses:Cigarettes                        13 EUR
    Assets:FR:BforBank:Compte-Courant         -13 EUR

2025-01-26 * Crêpe + Café Val d'Isère
    Expenses:Food:Snack                       8.2 EUR
    Assets:FR:BforBank:Compte-Courant        -8.2 EUR

2025-01-26 * Relay Bourg St Maurice bonbons eau
    Expenses:Food:Snack                       5.4 EUR
    Assets:FR:BforBank:Compte-Courant        -5.4 EUR

2025-01-27 * Baguette
    Expenses:Food:Groceries                   1.2 EUR
    Assets:FR:BforBank:Compte-Courant        -1.2 EUR

2025-01-27 * Beeminder fine
    Expenses:Subscriptions:Software          4.81 EUR
    Assets:FR:BforBank:Compte-Courant       -4.81 EUR

2025-01-27 * Cigarettes
    Expenses:Cigarettes                        13 EUR
    Assets:FR:BforBank:Compte-Courant         -13 EUR

2025-01-27 * HelloFresh
    Expenses:Food:Groceries                 48.94 EUR
    Assets:FR:BforBank:Compte-Courant      -48.94 EUR

2025-01-27 * Red by SFR
    Expenses:Home:Utilities:MobilePhone       19.17 EUR
    Assets:FR:BforBank:Compte-Courant        -19.17 EUR

2025-01-29 * Beeminder fine
    Expenses:Subscriptions:Software          9.64 EUR
    Assets:FR:BforBank:Compte-Courant       -9.64 EUR

2025-01-29 * Cigarettes
    Expenses:Cigarettes                        13 EUR
    Assets:FR:BforBank:Compte-Courant         -13 EUR

2025-01-29 * Pain au chocolat
    Expenses:Food:Snack                       1.5 EUR
    Assets:FR:BforBank:Compte-Courant        -1.5 EUR

2025-01-30 * Cigarettes
    Expenses:Cigarettes                        13 EUR
    Assets:FR:BforBank:Compte-Courant         -13 EUR

2025-01-31 * Drinks Barracuda with Aurélie
    Expenses:Entertainment:Social:Bars          10 EUR
    Assets:FR:BforBank:Compte-Courant          -10 EUR

2025-01-31 * Extra savings from monthly balance
    Assets:FR:BforBank:LivretA              16.81 EUR
    Assets:FR:BforBank:Compte-Courant      -16.81 EUR

2025-01-31 * Unaccounted expenses
    Expenses:Misc:Unaccounted                  23.58 EUR
    Assets:FR:BforBank:Compte-Courant      -23.58 EUR
