2025-01-01 * 111 Cap wage
    Assets:FR:BforBank:Compte-Courant     EUR 4752.65
    Income:FR:111Capital:Salary          EUR -4752.65

2025-01-01 * AMEX - 2024-12-14 - Sandisk external drive
    Expenses:Shopping:Electronics          EUR 145.98
    Assets:FR:BforBank:Compte-Courant     EUR -145.98

2025-01-01 * AMEX - 2024-12-17 - Flights Paris - Dakhla
    Expenses:Travel:Flights                   EUR 508
    Assets:FR:BforBank:Compte-Courant        EUR -508

2025-01-01 * AMEX - 2024-12-20 - AMEX subscription
    Expenses:Fees:CreditCard                   EUR 15
    Assets:FR:BforBank:Compte-Courant         EUR -15

2025-01-01 * AMEX - 2024-12-20 - Hair cosmetics for mum
    Expenses:GiftsCharity:Gifts              EUR 33.6
    Assets:FR:BforBank:Compte-Courant       EUR -33.6

2025-01-01 * AMEX - 2024-12-25 - Amazon Dryer
    Expenses:Home:Furniture                 EUR 59.99
    Assets:FR:BforBank:Compte-Courant      EUR -59.99

2025-01-01 * AMEX - 2024-12-28 - Toothpaste
    Expenses:Health:Pharmacy                 EUR 25.5
    Assets:FR:BforBank:Compte-Courant       EUR -25.5

2025-01-01 * AMEX - 2024-12-29 - Breizh Café
    Expenses:Food:Restaurants               EUR 55.02
    Assets:FR:BforBank:Compte-Courant      EUR -55.02

2025-01-01 * AMEX - 2024-12-29 - Hair cosmetics for mum
    Expenses:GiftsCharity:Gifts              EUR 33.6
    Assets:FR:BforBank:Compte-Courant       EUR -33.6

2025-01-01 * AMEX - 2024-12-30 - Bradery NN07
    Expenses:Shopping:Clothes              EUR 101.75
    Assets:FR:BforBank:Compte-Courant     EUR -101.75

2025-01-01 * AMEX - 2024-12-30 - Franprix groceries
    Expenses:Food:Groceries                  EUR 8.05
    Assets:FR:BforBank:Compte-Courant       EUR -8.05

2025-01-01 * AMEX - 2024-12-30 - Frog Hop House
    Expenses:Entertainment:Social:Bars          EUR 13
    Assets:FR:BforBank:Compte-Courant          EUR -13

2025-01-01 * AMEX - 2024-12-31 - Amazon Wool Laundry
    Expenses:Home:Maintenance               EUR 13.44
    Assets:FR:BforBank:Compte-Courant      EUR -13.44

2025-01-01 * AMEX - 2025-01-04 - Café Gaia
    Expenses:Food:Cafe                          EUR 8
    Assets:FR:BforBank:Compte-Courant          EUR -8

2025-01-01 * AMEX - 2025-01-05 - R2 Training
    Expenses:Health:Gym                       EUR 179
    Assets:FR:BforBank:Compte-Courant        EUR -179

2025-01-01 * Café Bistrot
    Expenses:Food:Cafe                        EUR 8.2
    Assets:FR:BforBank:Compte-Courant        EUR -8.2

2025-01-01 * Cigarettes
    Expenses:Cigarettes                        EUR 13
    Assets:FR:BforBank:Compte-Courant         EUR -13

2025-01-01 * Kevin calisthenics class
    Expenses:Health:Gym                        EUR 40
    Assets:FR:BforBank:Compte-Courant         EUR -40

2025-01-01 * Navigo Jan'25
    Expenses:Transportation:PublicTransport        EUR 88.8
    Assets:FR:BforBank:Compte-Courant             EUR -88.8

2025-01-01 * Savings Livret A
    Assets:FR:BforBank:LivretA                EUR 300
    Assets:FR:BforBank:Compte-Courant        EUR -300

2025-01-01 * Tea Paris Mosque
    Expenses:Food:Cafe                          EUR 4
    Assets:FR:BforBank:Compte-Courant          EUR -4

2025-01-02 * Baguette
    Expenses:Food:Groceries                   EUR 1.3
    Assets:FR:BforBank:Compte-Courant        EUR -1.3

2025-01-02 * Beeminder fine
    Expenses:Subscriptions:Software          EUR 4.86
    Assets:FR:BforBank:Compte-Courant       EUR -4.86

2025-01-02 * Café Nuances
    Expenses:Food:Cafe                        EUR 4.5
    Assets:FR:BforBank:Compte-Courant        EUR -4.5

2025-01-02 * Pain au chocolat
    Expenses:Food:Snack                       EUR 1.6
    Assets:FR:BforBank:Compte-Courant        EUR -1.6

2025-01-02 * Rent Citeaux
    Expenses:Home:Rent                       EUR 1330
    Assets:FR:BforBank:Compte-Courant       EUR -1330

2025-01-02 * Sweater drying rack + clothes covers
    Expenses:Home:Furniture                 EUR 31.98
    Assets:FR:BforBank:Compte-Courant      EUR -31.98

2025-01-03 * Café
    Expenses:Food:Cafe                        EUR 1.5
    Assets:FR:BforBank:Compte-Courant        EUR -1.5

2025-01-03 * ChatGPT credits
    Expenses:Subscriptions:Software          EUR 5.86
    Assets:FR:BforBank:Compte-Courant       EUR -5.86

2025-01-03 * Cigarettes
    Expenses:Cigarettes                        EUR 13
    Assets:FR:BforBank:Compte-Courant         EUR -13

2025-01-03 * Drinks with Aurélie
    Expenses:Entertainment:Social:Bars          EUR 10
    Assets:FR:BforBank:Compte-Courant          EUR -10

2025-01-03 * Fisherman's Friend
    Expenses:Food:Snack                         EUR 2
    Assets:FR:BforBank:Compte-Courant          EUR -2

2025-01-03 * MacroFactor subscription
    Expenses:Subscriptions:Software         EUR 13.99
    Assets:FR:BforBank:Compte-Courant      EUR -13.99

2025-01-03 * Matches
    Expenses:Misc                             EUR 0.3
    Assets:FR:BforBank:Compte-Courant        EUR -0.3

2025-01-04 * Beeminder fine
    Expenses:Subscriptions:Software          EUR 4.92
    Assets:FR:BforBank:Compte-Courant       EUR -4.92

2025-01-04 * Café Vincennes with Aurélie
    Expenses:Food:Cafe                          EUR 6
    Assets:FR:BforBank:Compte-Courant          EUR -6

2025-01-04 * Cigarettes
    Expenses:Cigarettes                        EUR 13
    Assets:FR:BforBank:Compte-Courant         EUR -13

2025-01-04 * Galette with Arnaud
    Expenses:GiftsCharity:Gifts                EUR 33
    Assets:FR:BforBank:Compte-Courant         EUR -33

2025-01-04 * Hairdresser
    Expenses:PersonalCare:Hair                 EUR 12
    Assets:FR:BforBank:Compte-Courant         EUR -12

2025-01-04 * Pharmacy
    Expenses:Health:Pharmacy                 EUR 8.99
    Assets:FR:BforBank:Compte-Courant       EUR -8.99

2025-01-05 * Beeminder fine
    Expenses:Subscriptions:Software          EUR 4.92
    Assets:FR:BforBank:Compte-Courant       EUR -4.92

2025-01-05 * Cigarettes
    Expenses:Cigarettes                        EUR 13
    Assets:FR:BforBank:Compte-Courant         EUR -13

2025-01-05 * McDonald's
    Expenses:Food:FastFood                     EUR 16
    Assets:FR:BforBank:Compte-Courant         EUR -16

2025-01-05 * Medias IR
    Expenses:Subscriptions                  EUR 11.99
    Assets:FR:BforBank:Compte-Courant      EUR -11.99

2025-01-05 * Plug extender
    Expenses:Home:Maintenance                EUR 3.59
    Assets:FR:BforBank:Compte-Courant       EUR -3.59

2025-01-05 * Sweets
    Expenses:Food:Snack                       EUR 1.5
    Assets:FR:BforBank:Compte-Courant        EUR -1.5

2025-01-06 * Baguette
    Expenses:Food:Groceries                   EUR 1.1
    Assets:FR:BforBank:Compte-Courant        EUR -1.1

2025-01-06 * Café Nuances
    Expenses:Food:Cafe                        EUR 4.5
    Assets:FR:BforBank:Compte-Courant        EUR -4.5

2025-01-06 * Cigarettes
    Expenses:Cigarettes                        EUR 13
    Assets:FR:BforBank:Compte-Courant         EUR -13

2025-01-06 * Pain au chocolat
    Expenses:Food:Snack                         EUR 3
    Assets:FR:BforBank:Compte-Courant          EUR -3

2025-01-07 * Franprix groceries
    Expenses:Food:Groceries                 EUR 14.74
    Assets:FR:BforBank:Compte-Courant      EUR -14.74

2025-01-08 * Beeminder fine
    Expenses:Subscriptions:Software          EUR 9.72
    Assets:FR:BforBank:Compte-Courant       EUR -9.72

2025-01-08 * Cigarettes
    Expenses:Cigarettes                        EUR 13
    Assets:FR:BforBank:Compte-Courant         EUR -13

2025-01-08 * Ibuprofen
    Expenses:Health:Pharmacy                    EUR 5
    Assets:FR:BforBank:Compte-Courant          EUR -5

2025-01-08 * MS personal care
    Expenses:PersonalCare                     EUR 200
    Assets:FR:BforBank:Compte-Courant        EUR -200

2025-01-09 * Vinted sales
    Assets:FR:BforBank:Compte-Courant          EUR 85
    Income:FR:Resale:Vinted                   EUR -85

2025-01-09 * Baguette
    Expenses:Food:Groceries                  EUR 1.25
    Assets:FR:BforBank:Compte-Courant       EUR -1.25

2025-01-09 * Carrefour City groceries
    Expenses:Food:Groceries                  EUR 2.11
    Assets:FR:BforBank:Compte-Courant       EUR -2.11

2025-01-09 * Cigarettes
    Expenses:Cigarettes                        EUR 13
    Assets:FR:BforBank:Compte-Courant         EUR -13

2025-01-09 * Pain au chocolat
    Expenses:Food:Snack                       EUR 1.3
    Assets:FR:BforBank:Compte-Courant        EUR -1.3

2025-01-09 * Sunscreen
    Expenses:Travel:Holidays                 EUR 14.5
    Assets:FR:BforBank:Compte-Courant       EUR -14.5

2025-01-11 * Transavia checked bagage supplement
    Expenses:Travel:Flights                     EUR 3
    Assets:FR:BforBank:Compte-Courant          EUR -3

2025-01-13 * Cash withdrawal Dakhla
    Expenses:Travel:Holidays                EUR 412.3
    Assets:FR:BforBank:Compte-Courant      EUR -412.3

2025-01-14 * Velib monthly fees
    Expenses:Transportation:Bikesharing           EUR 4
    Assets:FR:BforBank:Compte-Courant            EUR -4

2025-01-15 * Lebara phone plan
    Expenses:Home:Utilities:MobilePhone        EUR 5.96
    Assets:FR:BforBank:Compte-Courant         EUR -5.96

2025-01-16 * Beeminder fine
    Expenses:Subscriptions:Software          EUR 4.88
    Assets:FR:BforBank:Compte-Courant       EUR -4.88

2025-01-18 * Café + Pain au chocolat
    Expenses:Food:Snack                       EUR 3.3
    Assets:FR:BforBank:Compte-Courant        EUR -3.3

2025-01-18 * Cigarettes
    Expenses:Cigarettes                        EUR 13
    Assets:FR:BforBank:Compte-Courant         EUR -13

2025-01-18 * Therapist
    Expenses:Health:Therapy                    EUR 60
    Assets:FR:BforBank:Compte-Courant         EUR -60

2025-01-19 * Balance settlement Dakhla expenses Aurélie
    Expenses:Travel:Holidays                  EUR 100
    Assets:FR:BforBank:Compte-Courant        EUR -100

2025-01-20 * Cigarettes
    Expenses:Cigarettes                        EUR 13
    Assets:FR:BforBank:Compte-Courant         EUR -13

2025-01-20 * EDF subscription
    Expenses:Home:Utilities:Electricity       EUR 75.19
    Assets:FR:BforBank:Compte-Courant        EUR -75.19

2025-01-20 * HelloFresh
    Expenses:Food:Groceries                 EUR 48.94
    Assets:FR:BforBank:Compte-Courant      EUR -48.94

2025-01-20 * Restaurant Villa Dakhla
    Expenses:Travel:Holidays                EUR 51.53
    Assets:FR:BforBank:Compte-Courant      EUR -51.53

2025-01-20 * Vinted boost
    Expenses:Resale                          EUR 4.33
    Assets:FR:BforBank:Compte-Courant       EUR -4.33

2025-01-20 * Wingfoil lessons Dakhla
    Expenses:Travel:Holidays               EUR 245.87
    Assets:FR:BforBank:Compte-Courant     EUR -245.87

2025-01-22 * Baguette
    Expenses:Food:Groceries                   EUR 1.2
    Assets:FR:BforBank:Compte-Courant        EUR -1.2

2025-01-22 * Carrefour City groceries
    Expenses:Food:Groceries                 EUR 17.45
    Assets:FR:BforBank:Compte-Courant      EUR -17.45

2025-01-22 * Cigarettes
    Expenses:Cigarettes                        EUR 13
    Assets:FR:BforBank:Compte-Courant         EUR -13

2025-01-24 * Relay Gare de Lyon bonbons eau
    Expenses:Food:Snack                       EUR 5.2
    Assets:FR:BforBank:Compte-Courant        EUR -5.2

2025-01-25 * Bar babyfoot Val d'Isère
    Expenses:Entertainment:Social:Bars        EUR 17.6
    Assets:FR:BforBank:Compte-Courant        EUR -17.6

2025-01-25 * Beer Val d'Isère Folie Douce
    Expenses:Entertainment:Social:Bars           EUR 8
    Assets:FR:BforBank:Compte-Courant           EUR -8

2025-01-25 * Cigarettes
    Expenses:Cigarettes                        EUR 13
    Assets:FR:BforBank:Compte-Courant         EUR -13

2025-01-26 * Boulangerie Val d'Isère sandwich
    Expenses:Food:Snack                      EUR 15.7
    Assets:FR:BforBank:Compte-Courant       EUR -15.7

2025-01-26 * Cigarettes
    Expenses:Cigarettes                        EUR 13
    Assets:FR:BforBank:Compte-Courant         EUR -13

2025-01-26 * Crêpe + Café Val d'Isère
    Expenses:Food:Snack                       EUR 8.2
    Assets:FR:BforBank:Compte-Courant        EUR -8.2

2025-01-26 * Relay Bourg St Maurice bonbons eau
    Expenses:Food:Snack                       EUR 5.4
    Assets:FR:BforBank:Compte-Courant        EUR -5.4

2025-01-27 * Baguette
    Expenses:Food:Groceries                   EUR 1.2
    Assets:FR:BforBank:Compte-Courant        EUR -1.2

2025-01-27 * Beeminder fine
    Expenses:Subscriptions:Software          EUR 4.81
    Assets:FR:BforBank:Compte-Courant       EUR -4.81

2025-01-27 * Cigarettes
    Expenses:Cigarettes                        EUR 13
    Assets:FR:BforBank:Compte-Courant         EUR -13

2025-01-27 * HelloFresh
    Expenses:Food:Groceries                 EUR 48.94
    Assets:FR:BforBank:Compte-Courant      EUR -48.94

2025-01-27 * Red by SFR
    Expenses:Home:Utilities:MobilePhone       EUR 19.17
    Assets:FR:BforBank:Compte-Courant        EUR -19.17

2025-01-29 * Beeminder fine
    Expenses:Subscriptions:Software          EUR 9.64
    Assets:FR:BforBank:Compte-Courant       EUR -9.64

2025-01-29 * Cigarettes
    Expenses:Cigarettes                        EUR 13
    Assets:FR:BforBank:Compte-Courant         EUR -13

2025-01-29 * Pain au chocolat
    Expenses:Food:Snack                       EUR 1.5
    Assets:FR:BforBank:Compte-Courant        EUR -1.5

2025-01-30 * Cigarettes
    Expenses:Cigarettes                        EUR 13
    Assets:FR:BforBank:Compte-Courant         EUR -13

2025-01-31 * Drinks Barracuda with Aurélie
    Expenses:Entertainment:Social:Bars          EUR 10
    Assets:FR:BforBank:Compte-Courant          EUR -10

2025-01-31 * Extra savings from monthly balance
    Assets:FR:BforBank:LivretA              EUR 16.81
    Assets:FR:BforBank:Compte-Courant      EUR -16.81

2025-01-31 * Unaccounted expenses
    Expenses:Misc                           EUR 23.58
    Assets:FR:BforBank:Compte-Courant      EUR -23.58
